2670 4920
626 362 882 444 nob..-

222 525 383 624 saporis
432 528 677 630 pungentis:
708 530 805 608 hinc
839 526 1167 631 aquae-heighio
1191 532 1266 635 Ob?
1326 500 1330 510 Ι

158 668 160 673 ·
227 658 505 753 lentaegrana
525 652 763 749 quindecim
782 654 1092 752 Hyperemesim
1115 655 1269 750 produ·
1304 636 1330 742 f

228 799 345 863 xero,
375 799 467 849 cum
490 777 564 850 illa
597 769 935 852 Eccardi'solnm
955 777 1121 871 pulsum
1145 801 1267 880 auge·

228 913 301 1003 ret.
336 900 482 986 Dubuc
511 899 664 999 Opium
697 924 813 974 vase
823 902 959 974 clauso
991 897 1186 970 siccatum
1219 898 1269 970 in

228 1036 501 1118 temperatura
529 1025 682 1121 40-50
713 1023 763 1096 R.
793 1022 933 1096 viroso
960 1020 1086 1093 odore
1104 1019 1270 1129 perdito

231 1126 457 1254 observavit
495 1169 617 1219 erun
606 1143 819 1244 Laudani
871 1139 1072 1242 (extracti
1112 1133 1272 1214 scilicet

230 1260 396 1361 aquosi)
422 1248 685 1358 assummereg
715 1260 827 1339 idem
838 1288 987 1363 aquam
1020 1259 1289 1336 destillatam-

191 1461 193 1467 ,
229 1382 327 1504 Ωρίί
347 1387 644 1502 contemplatus
677 1402 736 1461 est
767 1388 998 1461 excolorem
1020 1382 1208 1483 quidem,
1227 1397 1272 1458 at

227 1521 322 1604 post
354 1505 528 1605 aliquot
544 1498 629 1582 dies
661 1505 804 1582 leviter
835 1504 1025 1586 citrinam
1053 1498 1165 1579 fieri!
1189 1504 1272 1579 Gar
1323 1605 1326 1609 ,

192 1636 195 1643 “
225 1653 378 1727 aquarn
409 1629 633 1718 comitans,
663 1654 740 1703 nec
761 1629 905 1701 eadem
936 1644 1071 1701 totum
1088 1624 1272 1705 'solubile

232 1749 374 1836 odoris
397 1767 456 1843 est
487 1750 643 1855 opiati,
664 1767 703 1824 et
732 1745 967 1849 respiratum
988 1746 1273 1823 animantibus

108 1905 111 1909 ·
228 1873 378 1967 lethale
409 1875 553 1974 (apud
575 1872 704 1980 Voigt
721 1852 912 1978 Magazin
932 1876 1006 1973 ΙΙΙ.
1028 1875 1104 1970 557
1118 1876 1149 1970 ).
1181 1874 1273 1975 Huc

230 1997 443 2100 referenda
462 1999 692 2086 Neumanni
703 1998 896 2089 scientia,
917 1997 984 2098 qni
1004 1997 1121 2074 novit
1140 1995 1273 2073 homi·
1301 2040 1305 2072 ς

228 2144 301 2196 nes
332 2122 512 2211 clausos,
546 2124 698 2222 absque
739 2119 1028 2222 propinatione
1068 2123 1180 2211 ulla,
1220 2139 1273 2195 ex

230 2240 618 2342 Opiostupe'facere,
639 2267 812 2332 somno,
834 2242 920 2316 imo
942 2244 1274 2347 fortemorteop·

227 2360 401 2464 primere
423 2363 616 2463 (Chymia
649 2364 886 2465 1.820),-
920 2363 992 2440 Cui
1012 2381 1153 2443 tamen
1175 2360 1273 2466 Opii

228 2486 336 2588 parti
360 2488 476 2563 alteri
497 2489 702 2564 materiali
723 2487 1065 2567 a'dhaereatistud
1085 2468 1272 2578 volalile‚

227 2636 334 2686 non·
348 2609 496 2710 liquet:
518 2613 681 2717 'videtur
702 2610 865 2687 affinius
887 2636 970 2686 esse
992 2611 1086 2694 oleo
1109 2607 1194 2711 opii
1215 2629 1274 2693 te·

227 2729 345 2823 naci,
374 2737 449 2809 sub
481 2723 669 2835 coctione
699 2735 878 2854 ejusdem
910 2756 1000 2806 cum
1030 2757 1135 2828 aqua
1155 2732 1274 2828 hujus
1319 2754 1321 2757 ·

179 2873 181 2877 ’
227 2855 490 2957 superficiem
505 2857 677 2959 petenti.

334 2976 613 3071 Extractirum
644 2977 752 3079 Opio
784 2975 892 3054 inest
931 3005 953 3050 e
996 2956 1272 3051 chemicorum

230 3102 419 3180 omnium
438 3103 664 3194 sententia,
684 3098 871 3202 plurimis
894 3098 1095 3205 organicis
1126 3098 1277 3199 utique

227 3253 270 3302 se
291 3208 487 3328 ingerens-
500 3225 789 3318 chamaeleon,
809 3224 988 3303 necdum
1007 3221 1104 3298 satis
1127 3219 1274 3297 descri-

228 3365 342 3448 ptus,
366 3350 472 3422 clare
504 3338 845 3434 nondumrisus:
868 3347 1019 3446 ubique
1043 3350 1168 3435 alter,
1189 3346 1272 3417 fere

230 3469 280 3547 56
304 3471 541 3548 centesimas
554 3472 732 3568 ejusdem
742 3470 846 3548 stitit
858 3468 1130 3546 exactissimus
1142 3467 1274 3540 Buch-

229 3595 315 3668 olz:
347 3590 495 3674 coloris
516 3588 771 3668 fusco-flavi.
797 3592 937 3668 Adest
948 3581 1050 3667 illud
1067 3590 1122 3662 *in
1144 3604 1273 3662 extra·

231 3715 541 3814 ctioneaquosa
562 3712 717 3814 prima,
739 3713 843 3788 adeo
865 3711 1137 3790 ut-solutioni
1158 3707 1284 3817 spiri-=

230 3856 367 3918 tuosne
386 3836 587 3921 secundae
609 3839 702 3931 (seu
722 3815 914 3910 Alcoholi
936 3853 1029 3936 post
1051 3858 1202 3933 aquam
1215 3835 1271 3906 af-

229 3958 339 4055 suso)
370 3983 512 4058 parum
532 3957 777 4058 relinquatur
798 3983 819 4028 e
840 3960 1042 4043 Der-osne,
1066 3955 1133 4054 qui
1160 3952 1271 4028 aliud

229 4077 513 4156 modificatum
555 4077 823 4153 extractivum
864 4077 1093 4172 oxydatum
1140 4074 1272 4151 inesse

232 4207 476 4301 observavit,
509 4207 696 4280 alcohole
716 4229 804 4279 non
826 4201 1021 4296 solubile,
1045 4198 1274 4278 colorisfu-
1308 4283 1311 4289 ¹
