2670 4920
564 384 621 478 ’θ’
646 402 740 495 ¹'129
796 436 848 458 ···-
894 463 897 467 .

161 568 191 641 f.
212 588 274 661 pr.
289 555 437 662 aerae
461 644 466 652 Ι
490 555 557 628 IV.
590 554 698 654 656).
730 552 825 635 Nou
854 559 1022 662 quidem
1051 568 1201 672 Opiurn
1233 588 1236 593 ·

155 683 388 792 generatim
416 677 696 755 adhibendum
744 709 827 761 esse
873 689 1063 793 opinatur
1089 695 1197 794 Jahn
1265 698 1269 702 ’

158 811 233 910 (ΙΙ.
265 800 380 900 266),
417 802 531 899 quod
570 802 709 902 utique
748 806 941 881 scientiae
985 834 1193 893 consentu·

155 957 285 1033 neum
308 943 388 1004 est:
399 928 550 1002 valebit
568 925 719 1023 Opinm
734 928 998 1026 speciatimin
1008 936 1195 1040 Metron·-

158 1055 278 1159 hagia
301 1079 326 1126 a
346 1075 465 1126 eausa
494 1046 667 1149 spastica
696 1050 909 1150 (remota,
942 1075 1012 1133 aut
1040 1058 1191 1139 locali.

156 1194 200 1252 ot
218 1180 274 1286 ob
294 1178 405 1260 hanc
421 1197 583 1247 causam
603 1169 647 1244 id
667 1170 844 1247 maxime
865 1177 1003 1253 laudet
1024 1183 1190 1287 Vogler,

156 1323 251 1375 cum
268 1321 389 1396 saepe
412 1319 505 1369 eum
525 1296 742 1369 affectione
754 1296 950 1391 hysterica
969 1303 1186 1403 decurrat),

154 1446 180 1495 a
209 1445 327 1498 causa
357 1419 512 1506 locali,
561 1413 651 1490 non
690 1431 831 1490 tamen
869 1417 1190 1525 inflammatoria

152 1544 278 1645 (lehn
296 1546 324 1618 l.
347 1541 401 1640 c.)
436 1545 600 1617 oborta:
628 1540 673 1613 in
699 1541 865 1648 eadem,
884 1542 1105 1638 dolorosa,
1135 1568 1190 1625 at·

152 1693 234 1770 que
254 1686 368 1743 metu
396 1669 560 1742 abortus
596 1663 853 1740 imminentis
890 1667 1044 1768 Opiurn
1079 1676 1191 1748 exhi.

149 1790 275 1866 buere
297 1789 466 1884 Whyn‚
486 1784 635 1860 Mellin
655 1800 694 1857 et
724 1766 894 1864 Askow':
923 1791 990 1867 hic
1021 1792 1190 1894 quidem

151 1940 248 1990 eum
271 1913 389 1988 acido
422 1908 654 2012 sulphurico
700 1909 826 1985 diluto
860 1935 872 2001 ;
921 1912 966 1986 in
1003 1918 1190 1992 Metron.
1292 1906 1317 1959 '-

147 2038 272 2141 hagie
308 2033 482 2119 nimia,
532 2032 768 2122 diuturna,
834 2034 1045 2112 debilitate
1098 2065 1189 2145 sen·

147 2161 231 2239 sim
260 2159 516 2261 ingruente
567 2156 824 2253 multumque
881 2159 1127 2237 increscente
1170 2214 1187 2253 ‚

144 2256 487 2361 extremitatibus
529 2277 687 2381 frigidis
736 2256 889 2381 Young
953 2282 1058 2379 plus
1036 2310 1181 2360 rmum

149 2400 367 2491 ¹eonvenite
391 2400 544 2476 Auctor
570 2415 641 2476 est.
676 2396 857 2473 Feminis
862 2341 1185 2494 odebilioribus‚

146 2544 361 2633 praesente
382 2527 503 2622 pulsu
527 2547 678 2624 parvo,
698 2522 817 2594 celeri
830 2538 980 2608 ‚tenso
992 2523 1097 2597 Jahn
1110 2527 1182 2623 (11.

147 2651 273 2752 ηιμ),
295 2648 482 2724 tensione
505 2645 728 2746 doloreque
761 2644 870 2718 dorsi
907 2660 1027 2743 atque
1056 2641 1185 2724 abdo·

144 2777 304 2862 minis,
327 2762 562 2856 debilitare,
589 2784 785 2854 tremore,
817 2768 963 2870 frigore
996 2785 1182 2859 artuum,

143 2901 243 2979 nisu
267 2900 487 2970 humorum
517 2891 562 2965 in
596 2906 752 2963 uterum
784 2885 916 2991 (quod
949 2882 1183 2989 symptoma

142 3021 340 3121 'abortum
369 3013 610 3117 praecedens
642 3036 725 3106 esse
759 3007 836 3107 ait)
880 3009 994 3084 idem
1029 3009 1183 3089 Auttor
1303 3059 1304 3063 =

148 3140 307 3240 Opium·
329 3133 503 3210 indicari
540 3134 722 3207 observat
754 3129 825 3230 (ll.
868 3126 962 3231 245)
1003 3133 1180 3243 mixtum

145 3263 267 3365 acido
287 3256 515 3359 sulphurico
535 3251 673 3345 tenui,
693 3267 761 3326 aut
784 3253 980 3346 alumini,
1006 3282 1040 3328 e.
1061 3282 1099 3358 g.

141 3632 193 3709 It
210 3627 353 3731 Aquae
366 3625 627 3704 Cinnamomi
636 3623 951 3724 simplumiam
974 3625 1123 3724 sesqui.
1211 3626 1215 3633 ’

134 3814 137 3819 .
162 3804 167 3817 =
218 3751 382 3828 Elixirii
402 3750 568 3824 Vitrioli
589 3763 720 3852 guttas
743 3743 903 3848 viginti.

223 3874 321 3973 Opii
339 3875 477 3976 purio
457 3898 577 3949 “rana
598 3873 688 3949 tria

160 4000 282 4076 &M
304 4001 354 4079 D
374 3999 415 4074 S
436 3996 614 4075 Doeibus
635 3998 763 4074 tribus
784 3995 976 4097 perduas
990 3996 1179 4069 horassn·
1207 3998 1211 4006 '

864 4116 1076 4197 mendum.

878 4298 963 4419 ξι
