<?xml version="1.0" encoding="UTF-8"?>
<!DOCTYPE html PUBLIC "-//W3C//DTD XHTML 1.0 Transitional//EN"
    "http://www.w3.org/TR/xhtml1/DTD/xhtml1-transitional.dtd">
<html xmlns="http://www.w3.org/1999/xhtml" xml:lang="en" lang="en">
 <head>
  <title>
</title>
<meta http-equiv="Content-Type" content="text/html;charset=utf-8" />
  <meta name='ocr-system' content='tesseract 3.04.00' />
  <meta name='ocr-capabilities' content='ocr_page ocr_carea ocr_par ocr_line ocrx_word'/>
</head>
<body>
  <div class='ocr_page' id='page_1' title='image "./opiumhistoricec00chrigoog/opiumhistoricec00chrigoog_0028.png"; bbox 0 0 2670 4920; ppageno 0'>
   <div class='ocr_carea' id='block_1_1' title="bbox 516 346 745 418">
    <p class='ocr_par' dir='ltr' id='par_1_1' title="bbox 516 346 745 418">
     <span class='ocr_line' id='line_1_1' title="bbox 516 346 745 418; baseline -0.017 1"><span class='ocrx_word' id='word_1_1' title='bbox 516 346 745 418; x_wconf 54' lang='lat'>-522</span> 
     </span>
    </p>
   </div>
   <div class='ocr_carea' id='block_1_2' title="bbox 111 505 1158 855">
    <p class='ocr_par' dir='ltr' id='par_1_2' title="bbox 111 505 1158 855">
     <span class='ocr_line' id='line_1_2' title="bbox 117 505 1158 605; baseline 0.002 -24"><span class='ocrx_word' id='word_1_2' title='bbox 117 507 242 597; x_wconf 88' lang='lat' dir='ltr'>bam,</span> <span class='ocrx_word' id='word_1_3' title='bbox 269 505 391 605; x_wconf 79' lang='lat' dir='ltr'>qussi·</span> <span class='ocrx_word' id='word_1_4' title='bbox 410 506 712 603; x_wconf 85' lang='lat' dir='ltr'>Hyoscyamum</span> <span class='ocrx_word' id='word_1_5' title='bbox 724 507 872 585; x_wconf 82' lang='lat' dir='ltr'>dixeris</span> <span class='ocrx_word' id='word_1_6' title='bbox 887 511 1052 586; x_wconf 87' lang='lat' dir='ltr'>herbam</span> <span class='ocrx_word' id='word_1_7' title='bbox 1065 534 1158 585; x_wconf 84' lang='lat' dir='ltr'>cum</span> 
     </span>
     <span class='ocr_line' id='line_1_3' title="bbox 119 612 842 704; baseline -0.004 -2"><span class='ocrx_word' id='word_1_8' title='bbox 119 630 435 704; x_wconf 83' lang='lat' dir='ltr'>Antonomasia.</span> <span class='ocrx_word' id='word_1_9' title='bbox 836 612 842 619; x_wconf 47' lang='lat'>⁵</span> 
     </span>
     <span class='ocr_line' id='line_1_4' title="bbox 111 738 1143 855; baseline 0.011 -34"><span class='ocrx_word' id='word_1_10' title='bbox 111 778 149 789; x_wconf 83' lang='lat'>··</span> <span class='ocrx_word' id='word_1_11' title='bbox 183 760 187 767; x_wconf 88' lang='lat'>&#39;</span> <span class='ocrx_word' id='word_1_12' title='bbox 217 751 295 824; x_wconf 87' lang='lat' dir='ltr'>Pro</span> <span class='ocrx_word' id='word_1_13' title='bbox 327 748 511 826; x_wconf 87' lang='lat' dir='ltr'>Cannabi</span> <span class='ocrx_word' id='word_1_14' title='bbox 552 767 692 827; x_wconf 79' lang='lat' dir='ltr'>tamen</span> <span class='ocrx_word' id='word_1_15' title='bbox 728 756 850 830; x_wconf 77' lang='lat' dir='ltr'>sativa</span> <span class='ocrx_word' id='word_1_16' title='bbox 882 758 928 830; x_wconf 89' lang='lat' dir='ltr'>L.</span> <span class='ocrx_word' id='word_1_17' title='bbox 963 738 1143 855; x_wconf 80' lang='lat' dir='ltr'>plurimu</span> 
     </span>
    </p>
   </div>
   <div class='ocr_carea' id='block_1_3' title="bbox 105 875 1216 4268">
    <p class='ocr_par' dir='ltr' id='par_1_3' title="bbox 105 875 1216 4268">
     <span class='ocr_line' id='line_1_5' title="bbox 116 875 1154 979; baseline 0 -32"><span class='ocrx_word' id='word_1_18' title='bbox 116 889 225 947; x_wconf 85' lang='lat' dir='ltr'>stant</span> <span class='ocrx_word' id='word_1_19' title='bbox 244 875 335 947; x_wconf 89' lang='lat' dir='ltr'>data</span> <span class='ocrx_word' id='word_1_20' title='bbox 362 875 573 964; x_wconf 87' lang='lat' dir='ltr'>historica,</span> <span class='ocrx_word' id='word_1_21' title='bbox 598 903 681 977; x_wconf 85' lang='lat' dir='ltr'>esse</span> <span class='ocrx_word' id='word_1_22' title='bbox 712 880 991 979; x_wconf 88' lang='lat' dir='ltr'>Nepenthem,</span> <span class='ocrx_word' id='word_1_23' title='bbox 1031 876 1154 952; x_wconf 85' lang='lat' dir='ltr'>Asiae</span> 
     </span>
     <span class='ocr_line' id='line_1_6' title="bbox 114 976 1159 1085; baseline -0.001 -15"><span class='ocrx_word' id='word_1_24' title='bbox 114 1011 158 1070; x_wconf 89' lang='lat' dir='ltr'>et</span> <span class='ocrx_word' id='word_1_25' title='bbox 168 995 327 1070; x_wconf 82' lang='lat' dir='ltr'>Africae</span> <span class='ocrx_word' id='word_1_26' title='bbox 338 997 483 1070; x_wconf 86' lang='lat' dir='ltr'>ineolis</span> <span class='ocrx_word' id='word_1_27' title='bbox 506 1001 762 1085; x_wconf 78' lang='lat' dir='ltr'>celebratum.</span> <span class='ocrx_word' id='word_1_28' title='bbox 773 1003 837 1074; x_wconf 83' lang='lat' dir='ltr'>En</span> <span class='ocrx_word' id='word_1_29' title='bbox 854 1003 1000 1077; x_wconf 88' lang='lat' dir='ltr'>iterum</span> <span class='ocrx_word' id='word_1_30' title='bbox 1010 976 1159 1074; x_wconf 66' lang='lat' dir='ltr'>lndoss</span> 
     </span>
     <span class='ocr_line' id='line_1_7' title="bbox 105 1122 1152 1226; baseline -0.001 -31"><span class='ocrx_word' id='word_1_31' title='bbox 105 1125 167 1195; x_wconf 81' lang='lat' dir='ltr'>ln</span> <span class='ocrx_word' id='word_1_32' title='bbox 191 1122 462 1198; x_wconf 87' lang='lat' dir='ltr'>Hindostania</span> <span class='ocrx_word' id='word_1_33' title='bbox 492 1123 631 1220; x_wconf 86' lang='lat' dir='ltr'>(India</span> <span class='ocrx_word' id='word_1_34' title='bbox 666 1126 872 1226; x_wconf 79' lang='lat' dir='ltr'>orientali)</span> <span class='ocrx_word' id='word_1_35' title='bbox 900 1130 1009 1203; x_wconf 89' lang='lat' dir='ltr'>Ben</span> <span class='ocrx_word' id='word_1_36' title='bbox 1028 1123 1152 1197; x_wconf 88' lang='lat' dir='ltr'>dsclr</span> 
     </span>
     <span class='ocr_line' id='line_1_8' title="bbox 111 1243 1149 1344; baseline 0.002 -31"><span class='ocrx_word' id='word_1_37' title='bbox 111 1275 169 1312; x_wconf 67' lang='grc' dir='ltr'>ιτ.</span> <span class='ocrx_word' id='word_1_38' title='bbox 187 1246 399 1344; x_wconf 87' lang='lat' dir='ltr'>Nepenthe</span> <span class='ocrx_word' id='word_1_39' title='bbox 420 1260 579 1344; x_wconf 66' lang='lat' dir='ltr'>paratur</span> <span class='ocrx_word' id='word_1_40' title='bbox 599 1272 620 1318; x_wconf 87' lang='lat' dir='ltr'>e</span> <span class='ocrx_word' id='word_1_41' title='bbox 652 1244 866 1335; x_wconf 86' lang='lat' dir='ltr'>Cannabi,</span> <span class='ocrx_word' id='word_1_42' title='bbox 889 1262 1072 1324; x_wconf 79' lang='lat' dir='ltr'>narrante</span> <span class='ocrx_word' id='word_1_43' title='bbox 1087 1243 1149 1318; x_wconf 78' lang='lat' dir='ltr'>Ja-</span> 
     </span>
     <span class='ocr_line' id='line_1_9' title="bbox 117 1364 1147 1445; baseline -0.006 -3"><span class='ocrx_word' id='word_1_44' title='bbox 117 1394 205 1443; x_wconf 88' lang='lat' dir='ltr'>mes</span> <span class='ocrx_word' id='word_1_45' title='bbox 225 1367 379 1442; x_wconf 86' lang='lat' dir='ltr'>Torbes</span> <span class='ocrx_word' id='word_1_46' title='bbox 404 1369 448 1440; x_wconf 90' lang='lat' dir='ltr'>in</span> <span class='ocrx_word' id='word_1_47' title='bbox 470 1367 847 1443; x_wconf 81' lang='lat' dir='ltr'>Orientalmemoir.</span> <span class='ocrx_word' id='word_1_48' title='bbox 880 1371 1014 1445; x_wconf 83' lang='lat' dir='ltr'><strong>select.</strong></span> <span class='ocrx_word' id='word_1_49' title='bbox 1033 1364 1147 1440; x_wconf 80' lang='grc'><strong>1815.</strong></span> 
     </span>
     <span class='ocr_line' id='line_1_10' title="bbox 117 1487 1149 1590; baseline -0.004 -28"><span class='ocrx_word' id='word_1_50' title='bbox 117 1490 187 1562; x_wconf 89' lang='lat' dir='ltr'>IV.</span> <span class='ocrx_word' id='word_1_51' title='bbox 207 1511 243 1576; x_wconf 80' lang='grc'>4.</span> <span class='ocrx_word' id='word_1_52' title='bbox 263 1488 372 1559; x_wconf 89' lang='lat' dir='ltr'>Ben</span> <span class='ocrx_word' id='word_1_53' title='bbox 385 1511 462 1588; x_wconf 86' lang='lat' dir='ltr'>gs,</span> <span class='ocrx_word' id='word_1_54' title='bbox 486 1487 650 1590; x_wconf 83' lang='lat' dir='ltr'>Bangs</span> <span class='ocrx_word' id='word_1_55' title='bbox 666 1548 671 1557; x_wconf 93' lang='lat'>.</span> <span class='ocrx_word' id='word_1_56' title='bbox 688 1491 928 1589; x_wconf 78' lang='lat' dir='ltr'>liaemplero</span> <span class='ocrx_word' id='word_1_57' title='bbox 958 1505 1051 1564; x_wconf 87' lang='lat' dir='ltr'>sunt</span> <span class='ocrx_word' id='word_1_58' title='bbox 1092 1488 1149 1559; x_wconf 85' lang='lat' dir='ltr'>fo·</span> 
     </span>
     <span class='ocr_line' id='line_1_11' title="bbox 115 1606 1150 1707; baseline -0.004 -26"><span class='ocrx_word' id='word_1_59' title='bbox 115 1611 173 1681; x_wconf 87' lang='lat' dir='ltr'>lia</span> <span class='ocrx_word' id='word_1_60' title='bbox 195 1606 399 1683; x_wconf 85' lang='lat' dir='ltr'>Cannabis</span> <span class='ocrx_word' id='word_1_61' title='bbox 419 1607 565 1680; x_wconf 80' lang='lat' dir='ltr'>sativae</span> <span class='ocrx_word' id='word_1_62' title='bbox 608 1609 806 1697; x_wconf 84' lang='lat' dir='ltr'>Linnaei,</span> <span class='ocrx_word' id='word_1_63' title='bbox 839 1624 999 1684; x_wconf 89' lang='lat' dir='ltr'>nostrae</span> <span class='ocrx_word' id='word_1_64' title='bbox 1037 1609 1150 1707; x_wconf 88' lang='lat' dir='ltr'>plan·</span> 
     </span>
     <span class='ocr_line' id='line_1_12' title="bbox 114 1733 1152 1830; baseline -0.003 -23"><span class='ocrx_word' id='word_1_65' title='bbox 114 1749 179 1808; x_wconf 88' lang='lat' dir='ltr'>tae</span> <span class='ocrx_word' id='word_1_66' title='bbox 197 1733 432 1817; x_wconf 89' lang='lat' dir='ltr'>simillima,</span> <span class='ocrx_word' id='word_1_67' title='bbox 454 1756 556 1830; x_wconf 89' lang='lat' dir='ltr'>quae</span> <span class='ocrx_word' id='word_1_68' title='bbox 576 1733 692 1809; x_wconf 90' lang='lat' dir='ltr'>Indis</span> <span class='ocrx_word' id='word_1_69' title='bbox 731 1735 996 1821; x_wconf 82' lang='lat' dir='ltr'>orientalibus</span> <span class='ocrx_word' id='word_1_70' title='bbox 1017 1733 1152 1807; x_wconf 79' lang='lat' dir='ltr'>masti-</span> 
     </span>
     <span class='ocr_line' id='line_1_13' title="bbox 114 1852 1149 1942; baseline -0.003 -12"><span class='ocrx_word' id='word_1_71' title='bbox 114 1870 277 1942; x_wconf 83' lang='lat' dir='ltr'>cantur,</span> <span class='ocrx_word' id='word_1_72' title='bbox 299 1852 344 1925; x_wconf 89' lang='lat' dir='ltr'>in</span> <span class='ocrx_word' id='word_1_73' title='bbox 379 1855 537 1927; x_wconf 81' lang='lat' dir='ltr'>fumum</span> <span class='ocrx_word' id='word_1_74' title='bbox 570 1871 657 1928; x_wconf 85' lang='lat' dir='ltr'>acta</span> <span class='ocrx_word' id='word_1_75' title='bbox 687 1869 755 1928; x_wconf 82' lang='lat' dir='ltr'>or&#39;e</span> <span class='ocrx_word' id='word_1_76' title='bbox 785 1857 1042 1929; x_wconf 84' lang='lat' dir='ltr'>hauriuntur:</span> <span class='ocrx_word' id='word_1_77' title='bbox 1076 1879 1149 1928; x_wconf 89' lang='lat' dir='ltr'>no·</span> 
     </span>
     <span class='ocr_line' id='line_1_14' title="bbox 112 1969 1146 2074; baseline -0.002 -26"><span class='ocrx_word' id='word_1_78' title='bbox 112 1974 245 2048; x_wconf 86' lang='lat' dir='ltr'>stratis</span> <span class='ocrx_word' id='word_1_79' title='bbox 269 1969 471 2046; x_wconf 85' lang='lat' dir='ltr'>Cannabis</span> <span class='ocrx_word' id='word_1_80' title='bbox 491 1974 589 2046; x_wconf 88' lang='lat' dir='ltr'>lolia</span> <span class='ocrx_word' id='word_1_81' title='bbox 609 2000 697 2048; x_wconf 89' lang='lat' dir='ltr'>non</span> <span class='ocrx_word' id='word_1_82' title='bbox 720 2000 804 2050; x_wconf 89' lang='lat' dir='ltr'>esse</span> <span class='ocrx_word' id='word_1_83' title='bbox 837 1975 1146 2074; x_wconf 82' lang='lat' dir='ltr'>stupefacientia</span> 
     </span>
     <span class='ocr_line' id='line_1_15' title="bbox 107 2080 1150 2195; baseline -0.006 -23"><span class='ocrx_word' id='word_1_84' title='bbox 107 2096 232 2171; x_wconf 76' lang='lat' dir='ltr'>-addit</span> <span class='ocrx_word' id='word_1_85' title='bbox 253 2097 364 2169; x_wconf 89' lang='lat' dir='ltr'>idem</span> <span class='ocrx_word' id='word_1_86' title='bbox 383 2080 557 2181; x_wconf 81' lang='lat' dir='ltr'>Auctor,</span> <span class='ocrx_word' id='word_1_87' title='bbox 578 2114 842 2195; x_wconf 80' lang='lat' dir='ltr'>quaetamen</span> <span class='ocrx_word' id='word_1_88' title='bbox 866 2098 901 2171; x_wconf 94' lang='lat' dir='ltr'>si</span> <span class='ocrx_word' id='word_1_89' title='bbox 934 2095 1036 2168; x_wconf 83' lang='lat' dir='ltr'>lumi</span> <span class='ocrx_word' id='word_1_90' title='bbox 1072 2096 1150 2168; x_wconf 83' lang='lat' dir='ltr'>for·</span> 
     </span>
     <span class='ocr_line' id='line_1_16' title="bbox 113 2216 1145 2307; baseline -0.009 -14"><span class='ocrx_word' id='word_1_91' title='bbox 113 2244 183 2293; x_wconf 87' lang='lat' dir='ltr'>ma</span> <span class='ocrx_word' id='word_1_92' title='bbox 203 2219 418 2303; x_wconf 84' lang='lat' dir='ltr'>hausisset,</span> <span class='ocrx_word' id='word_1_93' title='bbox 444 2217 626 2307; x_wconf 88' lang='lat' dir='ltr'>ejusdem</span> <span class='ocrx_word' id='word_1_94' title='bbox 656 2219 809 2294; x_wconf 90' lang='lat' dir='ltr'>indolis</span> <span class='ocrx_word' id='word_1_95' title='bbox 844 2244 927 2293; x_wconf 87' lang='lat' dir='ltr'>esse</span> <span class='ocrx_word' id='word_1_96' title='bbox 958 2216 1145 2300; x_wconf 76' lang='lat' dir='ltr'>dixisset,</span> 
     </span>
     <span class='ocr_line' id='line_1_17' title="bbox 112 2332 1145 2428; baseline -0.007 -14"><span class='ocrx_word' id='word_1_97' title='bbox 112 2342 196 2428; x_wconf 84' lang='lat' dir='ltr'>ita,</span> <span class='ocrx_word' id='word_1_98' title='bbox 229 2354 275 2412; x_wconf 87' lang='lat' dir='ltr'>ut</span> <span class='ocrx_word' id='word_1_99' title='bbox 300 2360 376 2411; x_wconf 86' lang='lat' dir='ltr'>nec</span> <span class='ocrx_word' id='word_1_100' title='bbox 416 2333 619 2413; x_wconf 87' lang='lat' dir='ltr'>Cannabis</span> <span class='ocrx_word' id='word_1_101' title='bbox 654 2337 881 2427; x_wconf 88' lang='lat' dir='ltr'>„Animum</span> <span class='ocrx_word' id='word_1_102' title='bbox 915 2332 1077 2423; x_wconf 86' lang='lat' dir='ltr'>mutet,</span> <span class='ocrx_word' id='word_1_103' title='bbox 1110 2334 1145 2409; x_wconf 88' lang='lat' dir='ltr'>si</span> 
     </span>
     <span class='ocr_line' id='line_1_18' title="bbox 110 2457 1216 2560; baseline -0.01 -22"><span class='ocrx_word' id='word_1_104' title='bbox 110 2478 224 2539; x_wconf 82' lang='lat' dir='ltr'>trans</span> <span class='ocrx_word' id='word_1_105' title='bbox 242 2485 351 2535; x_wconf 83' lang='lat' dir='ltr'>mare</span> <span class='ocrx_word' id='word_1_106' title='bbox 371 2465 535 2533; x_wconf 81' lang='lat' dir='ltr'>currat“.</span> <span class='ocrx_word' id='word_1_107' title='bbox 563 2458 680 2560; x_wconf 83' lang='lat' dir='ltr'>Bang</span> <span class='ocrx_word' id='word_1_108' title='bbox 699 2482 783 2535; x_wconf 86' lang='lat' dir='ltr'>esse</span> <span class='ocrx_word' id='word_1_109' title='bbox 796 2457 1000 2531; x_wconf 87' lang='lat' dir='ltr'>Cannabis</span> <span class='ocrx_word' id='word_1_110' title='bbox 1017 2480 1148 2555; x_wconf 89' lang='lat' dir='ltr'>spon·</span> <span class='ocrx_word' id='word_1_111' title='bbox 1211 2462 1216 2473; x_wconf 88' lang='lat'>&#39;</span> 
     </span>
     <span class='ocr_line' id='line_1_19' title="bbox 113 2576 1146 2678; baseline -0.013 -19"><span class='ocrx_word' id='word_1_112' title='bbox 113 2602 155 2659; x_wconf 87' lang='lat' dir='ltr'>te</span> <span class='ocrx_word' id='word_1_113' title='bbox 175 2581 386 2658; x_wconf 87' lang='lat' dir='ltr'>crescentis</span> <span class='ocrx_word' id='word_1_114' title='bbox 408 2581 508 2654; x_wconf 83' lang='lat' dir='ltr'>lolia</span> <span class='ocrx_word' id='word_1_115' title='bbox 528 2580 696 2665; x_wconf 83' lang='lat' dir='ltr'>siccata,</span> <span class='ocrx_word' id='word_1_116' title='bbox 716 2600 889 2678; x_wconf 88' lang='lat' dir='ltr'>quorum</span> <span class='ocrx_word' id='word_1_117' title='bbox 906 2579 1040 2650; x_wconf 85' lang='lat' dir='ltr'>fumus</span> <span class='ocrx_word' id='word_1_118' title='bbox 1054 2576 1146 2647; x_wconf 89' lang='lat' dir='ltr'>hau·</span> 
     </span>
     <span class='ocr_line' id='line_1_20' title="bbox 109 2682 1146 2804; baseline -0.015 -21"><span class='ocrx_word' id='word_1_119' title='bbox 109 2720 199 2784; x_wconf 77' lang='lat' dir='ltr'>stus</span> <span class='ocrx_word' id='word_1_120' title='bbox 219 2699 349 2804; x_wconf 82' lang='lat' dir='ltr'>magis</span> <span class='ocrx_word' id='word_1_121' title='bbox 370 2690 601 2799; x_wconf 67' lang='lat' dir='ltr'>stupefacit,</span> <span class='ocrx_word' id='word_1_122' title='bbox 639 2724 685 2774; x_wconf 87' lang='lat' dir='ltr'>ac</span> <span class='ocrx_word' id='word_1_123' title='bbox 715 2698 868 2798; x_wconf 89' lang='lat' dir='ltr'>Opium</span> <span class='ocrx_word' id='word_1_124' title='bbox 897 2697 1030 2797; x_wconf 89' lang='lat' dir='ltr'>ipsum</span> <span class='ocrx_word' id='word_1_125' title='bbox 1043 2682 1067 2781; x_wconf 38' lang='lat'>,¹</span> <span class='ocrx_word' id='word_1_126' title='bbox 1081 2715 1146 2767; x_wconf 83' lang='lat' dir='ltr'>ex-</span> 
     </span>
     <span class='ocr_line' id='line_1_21' title="bbox 112 2809 1145 2931; baseline -0.015 -25"><span class='ocrx_word' id='word_1_127' title='bbox 112 2827 282 2931; x_wconf 87' lang='lat' dir='ltr'>ponitur</span> <span class='ocrx_word' id='word_1_128' title='bbox 319 2828 365 2901; x_wconf 90' lang='lat' dir='ltr'>in</span> <span class='ocrx_word' id='word_1_129' title='bbox 398 2824 581 2920; x_wconf 82' lang='lat' dir='ltr'>Lindner</span> <span class='ocrx_word' id='word_1_130' title='bbox 612 2809 783 2898; x_wconf 72' lang='lat' dir='ltr'>notitia⁴</span> <span class='ocrx_word' id='word_1_131' title='bbox 808 2821 928 2927; x_wconf 78' lang='lat' dir='ltr'>Asiae</span> <span class='ocrx_word' id='word_1_132' title='bbox 959 2822 1145 2922; x_wconf 86' lang='lat' dir='ltr'>(neueste</span> 
     </span>
     <span class='ocr_line' id='line_1_22' title="bbox 112 2941 1144 3047; baseline -0.015 -17"><span class='ocrx_word' id='word_1_133' title='bbox 112 2956 262 3030; x_wconf 72' lang='lat' dir='ltr'>nunde</span> <span class='ocrx_word' id='word_1_134' title='bbox 283 2978 366 3027; x_wconf 86' lang='lat' dir='ltr'>von</span> <span class='ocrx_word' id='word_1_135' title='bbox 384 2951 512 3027; x_wconf 82' lang='lat' dir='ltr'>Asien</span> <span class='ocrx_word' id='word_1_136' title='bbox 534 2950 584 3022; x_wconf 91' lang='grc' dir='ltr'>ΙΙ.</span> <span class='ocrx_word' id='word_1_137' title='bbox 609 2975 649 3047; x_wconf 80' lang='lat' dir='ltr'>p.</span> <span class='ocrx_word' id='word_1_138' title='bbox 676 2941 763 3045; x_wconf 70' lang='grc' dir='ltr'>Ι87).</span> <span class='ocrx_word' id='word_1_139' title='bbox 787 2946 905 3019; x_wconf 84' lang='lat' dir='ltr'>Folia</span> <span class='ocrx_word' id='word_1_140' title='bbox 941 2941 1144 3017; x_wconf 82' lang='lat' dir='ltr'>Cannabis</span> 
     </span>
     <span class='ocr_line' id='line_1_23' title="bbox 112 3069 1141 3161; baseline -0.017 -9"><span class='ocrx_word' id='word_1_141' title='bbox 112 3077 259 3152; x_wconf 74' lang='lat' dir='ltr'>siccata</span> <span class='ocrx_word' id='word_1_142' title='bbox 294 3091 334 3150; x_wconf 83' lang='lat' dir='ltr'>et</span> <span class='ocrx_word' id='word_1_143' title='bbox 361 3075 456 3148; x_wconf 85' lang='lat' dir='ltr'>trita</span> <span class='ocrx_word' id='word_1_144' title='bbox 489 3069 601 3145; x_wconf 90' lang='lat' dir='ltr'>Indis</span> <span class='ocrx_word' id='word_1_145' title='bbox 629 3071 675 3145; x_wconf 91' lang='lat' dir='ltr'>in</span> <span class='ocrx_word' id='word_1_146' title='bbox 700 3093 820 3143; x_wconf 90' lang='lat' dir='ltr'>usum</span> <span class='ocrx_word' id='word_1_147' title='bbox 850 3069 1048 3140; x_wconf 83' lang='lat' dir='ltr'>ducuntur</span> <span class='ocrx_word' id='word_1_148' title='bbox 1067 3087 1141 3161; x_wconf 92' lang='lat' dir='ltr'>pro</span> 
     </span>
     <span class='ocr_line' id='line_1_24' title="bbox 114 3185 1145 3297; baseline -0.016 -25"><span class='ocrx_word' id='word_1_149' title='bbox 114 3199 253 3273; x_wconf 84' lang='lat' dir='ltr'>infuso</span> <span class='ocrx_word' id='word_1_150' title='bbox 273 3221 450 3297; x_wconf 84' lang='lat' dir='ltr'>aquoso„</span> <span class='ocrx_word' id='word_1_151' title='bbox 468 3219 561 3269; x_wconf 86' lang='lat' dir='ltr'>cum</span> <span class='ocrx_word' id='word_1_152' title='bbox 580 3216 738 3290; x_wconf 87' lang='lat' dir='ltr'>syrupo</span> <span class='ocrx_word' id='word_1_153' title='bbox 753 3190 879 3264; x_wconf 86' lang='lat' dir='ltr'>mixta</span> <span class='ocrx_word' id='word_1_154' title='bbox 907 3185 1145 3290; x_wconf 85' lang='lat' dir='ltr'>rediguntur</span> 
     </span>
     <span class='ocr_line' id='line_1_25' title="bbox 114 3311 1144 3421; baseline -0.012 -28"><span class='ocrx_word' id='word_1_155' title='bbox 114 3319 164 3394; x_wconf 90' lang='lat' dir='ltr'>in</span> <span class='ocrx_word' id='word_1_156' title='bbox 180 3321 363 3421; x_wconf 88' lang='lat' dir='ltr'>pastillos</span> <span class='ocrx_word' id='word_1_157' title='bbox 397 3316 731 3418; x_wconf 87' lang='lat' dir='ltr'>stupefacientes,</span> <span class='ocrx_word' id='word_1_158' title='bbox 763 3311 970 3416; x_wconf 78' lang='lat' dir='ltr'>gliscentia</span> <span class='ocrx_word' id='word_1_159' title='bbox 1011 3311 1056 3387; x_wconf 91' lang='lat' dir='ltr'>in</span> <span class='ocrx_word' id='word_1_160' title='bbox 1087 3311 1144 3382; x_wconf 88' lang='lat' dir='ltr'>f·</span> 
     </span>
     <span class='ocr_line' id='line_1_26' title="bbox 113 3423 1145 3526; baseline -0.016 -9"><span class='ocrx_word' id='word_1_161' title='bbox 113 3468 234 3517; x_wconf 90' lang='lat' dir='ltr'>mum</span> <span class='ocrx_word' id='word_1_162' title='bbox 274 3458 361 3518; x_wconf 86' lang='lat' dir='ltr'>acta</span> <span class='ocrx_word' id='word_1_163' title='bbox 400 3466 479 3514; x_wconf 84' lang='lat' dir='ltr'>ore.</span> <span class='ocrx_word' id='word_1_164' title='bbox 503 3435 760 3526; x_wconf 81' lang='lat' dir='ltr'>hauriuntur3</span> <span class='ocrx_word' id='word_1_165' title='bbox 794 3433 878 3507; x_wconf 90' lang='lat' dir='ltr'>imo</span> <span class='ocrx_word' id='word_1_166' title='bbox 922 3450 962 3506; x_wconf 91' lang='lat' dir='ltr'>et</span> <span class='ocrx_word' id='word_1_167' title='bbox 991 3423 1145 3507; x_wconf 85' lang='lat' dir='ltr'>Canna·</span> 
     </span>
     <span class='ocr_line' id='line_1_27' title="bbox 113 3538 1145 3640; baseline -0.018 -1"><span class='ocrx_word' id='word_1_168' title='bbox 113 3561 180 3639; x_wconf 87' lang='lat' dir='ltr'>bis</span> <span class='ocrx_word' id='word_1_169' title='bbox 201 3563 362 3638; x_wconf 89' lang='lat' dir='ltr'>Polline</span> <span class='ocrx_word' id='word_1_170' title='bbox 382 3576 422 3633; x_wconf 85' lang='lat' dir='ltr'>et</span> <span class='ocrx_word' id='word_1_171' title='bbox 439 3555 671 3631; x_wconf 86' lang='lat' dir='ltr'>Seminibus</span> <span class='ocrx_word' id='word_1_172' title='bbox 691 3538 885 3640; x_wconf 73' lang='lat' dir='ltr'>utuntur,</span> <span class='ocrx_word' id='word_1_173' title='bbox 910 3552 1086 3624; x_wconf 88' lang='lat' dir='ltr'>eundem</span> <span class='ocrx_word' id='word_1_174' title='bbox 1101 3550 1145 3621; x_wconf 91' lang='lat' dir='ltr'>in</span> 
     </span>
     <span class='ocr_line' id='line_1_28' title="bbox 113 3664 1144 3769; baseline -0.015 -14"><span class='ocrx_word' id='word_1_175' title='bbox 113 3681 244 3757; x_wconf 83' lang='lat' dir='ltr'>finem</span> <span class='ocrx_word' id='word_1_176' title='bbox 276 3696 462 3757; x_wconf 86' lang='lat' dir='ltr'>narrante</span> <span class='ocrx_word' id='word_1_177' title='bbox 491 3678 799 3751; x_wconf 82' lang='lat' dir='ltr'>Zimmermann</span> <span class='ocrx_word' id='word_1_178' title='bbox 837 3664 1144 3769; x_wconf 81' lang='lat' dir='ltr'>(Tasohenbueb</span> 
     </span>
     <span class='ocr_line' id='line_1_29' title="bbox 115 3792 1142 3903; baseline -0.018 -20"><span class='ocrx_word' id='word_1_179' title='bbox 115 3805 356 3883; x_wconf 85' lang='lat' dir='ltr'>derReisen</span> <span class='ocrx_word' id='word_1_180' title='bbox 375 3804 447 3878; x_wconf 88' lang='lat' dir='ltr'>XI.</span> <span class='ocrx_word' id='word_1_181' title='bbox 471 3827 503 3875; x_wconf 82' lang='lat' dir='ltr'>r.</span> <span class='ocrx_word' id='word_1_182' title='bbox 526 3824 617 3903; x_wconf 84' lang='lat' dir='ltr'>pag.</span> <span class='ocrx_word' id='word_1_183' title='bbox 644 3801 750 3894; x_wconf 73' lang='lat'><strong>140).</strong></span> <span class='ocrx_word' id='word_1_184' title='bbox 777 3794 934 3871; x_wconf 86' lang='lat' dir='ltr'>Similia</span> <span class='ocrx_word' id='word_1_185' title='bbox 955 3809 1087 3868; x_wconf 78' lang='lat' dir='ltr'>narrat</span> <span class='ocrx_word' id='word_1_186' title='bbox 1097 3792 1142 3865; x_wconf 89' lang='lat' dir='ltr'>iu</span> 
     </span>
     <span class='ocr_line' id='line_1_30' title="bbox 114 3909 1140 4024; baseline -0.021 -21"><span class='ocrx_word' id='word_1_187' title='bbox 114 3926 326 4024; x_wconf 82' lang='lat' dir='ltr'>Cynosura</span> <span class='ocrx_word' id='word_1_188' title='bbox 336 3922 527 4003; x_wconf 82' lang='lat' dir='ltr'>Materiae</span> <span class='ocrx_word' id='word_1_189' title='bbox 538 3919 719 3996; x_wconf 87' lang='lat' dir='ltr'>medicae</span> <span class='ocrx_word' id='word_1_190' title='bbox 734 3936 766 3988; x_wconf 89' lang='lat'>1.</span> <span class='ocrx_word' id='word_1_191' title='bbox 777 3943 818 4015; x_wconf 89' lang='lat' dir='ltr'>p.</span> <span class='ocrx_word' id='word_1_192' title='bbox 829 3909 904 4003; x_wconf 87' lang='lat'>367</span> <span class='ocrx_word' id='word_1_193' title='bbox 921 3913 1140 3986; x_wconf 86' lang='lat' dir='ltr'>Hermann:</span> 
     </span>
     <span class='ocr_line' id='line_1_31' title="bbox 114 4040 1155 4139; baseline -0.025 -14"><span class='ocrx_word' id='word_1_194' title='bbox 114 4046 265 4125; x_wconf 83' lang='lat' dir='ltr'>Turcas</span> <span class='ocrx_word' id='word_1_195' title='bbox 283 4071 403 4124; x_wconf 90' lang='lat' dir='ltr'>suum</span> <span class='ocrx_word' id='word_1_196' title='bbox 421 4044 600 4120; x_wconf 85' lang='lat' dir='ltr'>Maslach</span> <span class='ocrx_word' id='word_1_197' title='bbox 615 4040 738 4118; x_wconf 82' lang='lat' dir='ltr'>seu-B</span> <span class='ocrx_word' id='word_1_198' title='bbox 750 4064 774 4111; x_wconf 92' lang='lat' dir='ltr'>a</span> <span class='ocrx_word' id='word_1_199' title='bbox 786 4065 814 4110; x_wconf 90' lang='lat' dir='ltr'>n</span> <span class='ocrx_word' id='word_1_200' title='bbox 831 4062 927 4139; x_wconf 83' lang='lat' dir='ltr'>gue</span> <span class='ocrx_word' id='word_1_201' title='bbox 962 4055 1097 4132; x_wconf 85' lang='lat' dir='ltr'>parare</span> <span class='ocrx_word' id='word_1_202' title='bbox 1120 4051 1155 4116; x_wconf 86' lang='lat' dir='ltr'>e¹</span> 
     </span>
     <span class='ocr_line' id='line_1_32' title="bbox 113 4147 1145 4268; baseline -0.023 -19"><span class='ocrx_word' id='word_1_203' title='bbox 113 4166 457 4268; x_wconf 53' lang='lat' dir='ltr'>foliisjpannabis</span> <span class='ocrx_word' id='word_1_204' title='bbox 489 4163 662 4263; x_wconf 77' lang='lat' dir='ltr'>minoris</span> <span class='ocrx_word' id='word_1_205' title='bbox 691 4159 942 4251; x_wconf 84' lang='lat' dir='ltr'>recentibus,</span> <span class='ocrx_word' id='word_1_206' title='bbox 973 4150 1073 4231; x_wconf 81' lang='lat' dir='ltr'>tritis</span> <span class='ocrx_word' id='word_1_207' title='bbox 1100 4147 1145 4225; x_wconf 85' lang='lat' dir='ltr'>iu</span> 
     </span>
    </p>
   </div>
   <div class='ocr_carea' id='block_1_4' title="bbox 0 0 1340 4920">
    <p class='ocr_par' dir='ltr' id='par_1_4' title="bbox 0 0 1340 4920">
     <span class='ocr_line' id='line_1_33' title="bbox 0 0 1340 4920; baseline 0 0"><span class='ocrx_word' id='word_1_208' title='bbox 0 0 1340 4920; x_wconf 95' lang='lat' dir='ltr'> </span> 
     </span>
    </p>
   </div>
  </div>
 </body>
</html>
