<?xml version="1.0" encoding="UTF-8"?>
<!DOCTYPE html PUBLIC "-//W3C//DTD XHTML 1.0 Transitional//EN"
    "http://www.w3.org/TR/xhtml1/DTD/xhtml1-transitional.dtd">
<html xmlns="http://www.w3.org/1999/xhtml" xml:lang="en" lang="en">
 <head>
  <title>
</title>
<meta http-equiv="Content-Type" content="text/html;charset=utf-8" />
  <meta name='ocr-system' content='tesseract 3.04.00' />
  <meta name='ocr-capabilities' content='ocr_page ocr_carea ocr_par ocr_line ocrx_word'/>
</head>
<body>
  <div class='ocr_page' id='page_1' title='image "./opiumhistoricec00chrigoog/opiumhistoricec00chrigoog_0160.png"; bbox 0 0 2670 4920; ppageno 0'>
   <div class='ocr_carea' id='block_1_1' title="bbox 537 360 819 444">
    <p class='ocr_par' dir='ltr' id='par_1_1' title="bbox 404 326 819 444">
     <span class='ocr_line' id='line_1_1' title="bbox 537 360 819 444; baseline 0.007 -17.039"><span class='ocrx_word' id='word_1_1' title='bbox 537 360 819 444; x_wconf 75' lang='lat'>-157-</span> 
     </span>
    </p>
   </div>
   <div class='ocr_carea' id='block_1_2' title="bbox 110 513 1206 2061">
    <p class='ocr_par' dir='ltr' id='par_1_2' title="bbox 110 513 1206 1473">
     <span class='ocr_line' id='line_1_2' title="bbox 150 513 1186 618; baseline 0.002 -27"><span class='ocrx_word' id='word_1_2' title='bbox 150 514 267 593; x_wconf 84' lang='lat' dir='ltr'><strong>enim</strong></span> <span class='ocrx_word' id='word_1_3' title='bbox 290 513 601 614; x_wconf 83' lang='lat' dir='ltr'><strong>symptomatice</strong></span> <span class='ocrx_word' id='word_1_4' title='bbox 644 532 880 593; x_wconf 78' lang='lat' dir='ltr'>evacuantur</span> <span class='ocrx_word' id='word_1_5' title='bbox 912 514 1186 618; x_wconf 85' lang='lat' dir='ltr'><strong>utplurimum</strong></span> 
     </span>
     <span class='ocr_line' id='line_1_3' title="bbox 145 618 1194 742; baseline 0.002 -29"><span class='ocrx_word' id='word_1_6' title='bbox 145 637 311 730; x_wconf 81' lang='lat' dir='ltr'><strong>sordes,</strong></span> <span class='ocrx_word' id='word_1_7' title='bbox 331 638 475 735; x_wconf 83' lang='lat' dir='ltr'><strong>hisque</strong></span> <span class='ocrx_word' id='word_1_8' title='bbox 508 637 648 732; x_wconf 88' lang='lat' dir='ltr'><strong>ejectis</strong></span> <span class='ocrx_word' id='word_1_9' title='bbox 698 639 807 742; x_wconf 87' lang='lat' dir='ltr'><strong>Opio</strong></span> <span class='ocrx_word' id='word_1_10' title='bbox 835 618 1102 739; x_wconf 73' lang='lat' dir='ltr'><strong>utplurimum</strong></span> <span class='ocrx_word' id='word_1_11' title='bbox 1132 652 1194 715; x_wconf 80' lang='lat' dir='ltr'><strong>est</strong></span> 
     </span>
     <span class='ocr_line' id='line_1_4' title="bbox 110 755 1193 865; baseline 0 -31"><span class='ocrx_word' id='word_1_12' title='bbox 110 834 113 841; x_wconf 84' lang='grc'><strong>,</strong></span> <span class='ocrx_word' id='word_1_13' title='bbox 142 760 284 852; x_wconf 80' lang='lat' dir='ltr'><strong>locus,</strong></span> <span class='ocrx_word' id='word_1_14' title='bbox 310 759 440 847; x_wconf 80' lang='lat' dir='ltr'><strong>odeo,</strong></span> <span class='ocrx_word' id='word_1_15' title='bbox 460 778 507 835; x_wconf 87' lang='lat' dir='ltr'><strong>ut</strong></span> <span class='ocrx_word' id='word_1_16' title='bbox 528 755 750 839; x_wconf 75' lang='lat' dir='ltr'><strong>disrrhoeis</strong></span> <span class='ocrx_word' id='word_1_17' title='bbox 769 763 1095 865; x_wconf 79' lang='lat' dir='ltr'><strong>symptomnticis</strong></span> <span class='ocrx_word' id='word_1_18' title='bbox 1108 786 1193 865; x_wconf 81' lang='lat' dir='ltr'><strong>gra·</strong></span> 
     </span>
     <span class='ocr_line' id='line_1_5' title="bbox 139 881 1194 987; baseline 0.003 -34"><span class='ocrx_word' id='word_1_19' title='bbox 139 881 322 957; x_wconf 83' lang='lat' dir='ltr'><strong>-vissimis</strong></span> <span class='ocrx_word' id='word_1_20' title='bbox 347 882 614 958; x_wconf 84' lang='lat' dir='ltr'><strong>utilissimum</strong></span> <span class='ocrx_word' id='word_1_21' title='bbox 643 887 698 960; x_wconf 88' lang='lat' dir='ltr'><strong>sit</strong></span> <span class='ocrx_word' id='word_1_22' title='bbox 729 884 801 987; x_wconf 91' lang='lat' dir='ltr'><strong>(N.</strong></span> <span class='ocrx_word' id='word_1_23' title='bbox 834 884 974 959; x_wconf 88' lang='lat' dir='ltr'><strong>edinb.</strong></span> <span class='ocrx_word' id='word_1_24' title='bbox 1014 883 1130 983; x_wconf 87' lang='lat' dir='ltr'><strong>Disp.</strong></span> <span class='ocrx_word' id='word_1_25' title='bbox 1160 882 1194 956; x_wconf 87' lang='grc' dir='ltr'><strong>Ι.</strong></span> 
     </span>
     <span class='ocr_line' id='line_1_6' title="bbox 143 1000 1206 1105; baseline 0.001 -28"><span class='ocrx_word' id='word_1_26' title='bbox 143 1000 272 1104; x_wconf 66' lang='grc' dir='ltr'><strong>[ι.55);</strong></span> <span class='ocrx_word' id='word_1_27' title='bbox 295 1006 487 1105; x_wconf 85' lang='lat' dir='ltr'><strong>idemque</strong></span> <span class='ocrx_word' id='word_1_28' title='bbox 508 1008 614 1080; x_wconf 80' lang='lat' dir='ltr'><strong>valet</strong></span> <span class='ocrx_word' id='word_1_29' title='bbox 642 1008 687 1080; x_wconf 92' lang='lat' dir='ltr'><strong>in</strong></span> <span class='ocrx_word' id='word_1_30' title='bbox 711 1012 800 1085; x_wconf 79' lang='lat' dir='ltr'><strong>casu</strong></span> <span class='ocrx_word' id='word_1_31' title='bbox 832 1006 1066 1081; x_wconf 82' lang='lat' dir='ltr'><strong>diarrhoeae</strong></span> <span class='ocrx_word' id='word_1_32' title='bbox 1099 1030 1206 1082; x_wconf 90' lang='lat' dir='ltr'><strong>non</strong></span> 
     </span>
     <span class='ocr_line' id='line_1_7' title="bbox 146 1127 1191 1225; baseline -0.001 -22"><span class='ocrx_word' id='word_1_33' title='bbox 146 1128 332 1220; x_wconf 78' lang='lat' dir='ltr'><strong>criticae,</strong></span> <span class='ocrx_word' id='word_1_34' title='bbox 359 1153 384 1201; x_wconf 85' lang='lat' dir='ltr'>a</span> <span class='ocrx_word' id='word_1_35' title='bbox 401 1128 569 1203; x_wconf 80' lang='lat' dir='ltr'><strong>laxitate</strong></span> <span class='ocrx_word' id='word_1_36' title='bbox 596 1130 884 1205; x_wconf 85' lang='lat' dir='ltr'><strong>intestinorum</strong></span> <span class='ocrx_word' id='word_1_37' title='bbox 901 1127 1191 1225; x_wconf 84' lang='lat' dir='ltr'><strong>dependentis,</strong></span> 
     </span>
     <span class='ocr_line' id='line_1_8' title="bbox 144 1247 1196 1353; baseline -0.002 -28"><span class='ocrx_word' id='word_1_38' title='bbox 144 1250 361 1353; x_wconf 82' lang='lat' dir='ltr'><strong>praecipue</strong></span> <span class='ocrx_word' id='word_1_39' title='bbox 388 1253 593 1327; x_wconf 78' lang='lat' dir='ltr'><strong>violentae</strong></span> <span class='ocrx_word' id='word_1_40' title='bbox 623 1268 692 1328; x_wconf 79' lang='lat' dir='ltr'><strong>cut</strong></span> <span class='ocrx_word' id='word_1_41' title='bbox 725 1247 1025 1327; x_wconf 86' lang='lat' dir='ltr'><strong>diuturnioris!</strong></span> <span class='ocrx_word' id='word_1_42' title='bbox 1065 1248 1196 1324; x_wconf 72' lang='lat' dir='ltr'><strong>idem-</strong></span> 
     </span>
     <span class='ocr_line' id='line_1_9' title="bbox 145 1368 1173 1473; baseline -0.004 -26"><span class='ocrx_word' id='word_1_43' title='bbox 145 1368 378 1473; x_wconf 77' lang='lat' dir='ltr'><strong>ptoficuum</strong></span> <span class='ocrx_word' id='word_1_44' title='bbox 401 1375 527 1449; x_wconf 87' lang='lat' dir='ltr'><strong>estin</strong></span> <span class='ocrx_word' id='word_1_45' title='bbox 559 1375 772 1450; x_wconf 76' lang='lat' dir='ltr'><strong>diarrhoea</strong></span> <span class='ocrx_word' id='word_1_46' title='bbox 787 1370 1173 1456; x_wconf 80' lang='lat' dir='ltr'><strong>variolosorum‚ob</strong></span> 
     </span>
    </p>

    <p class='ocr_par' dir='ltr' id='par_1_3' title="bbox 146 1492 1196 2061">
     <span class='ocr_line' id='line_1_10' title="bbox 146 1492 1196 1597; baseline -0.011 -22"><span class='ocrx_word' id='word_1_47' title='bbox 146 1508 333 1575; x_wconf 66' lang='lat' dir='ltr'><strong>servante</strong></span> <span class='ocrx_word' id='word_1_48' title='bbox 354 1493 422 1597; x_wconf 90' lang='lat' dir='ltr'><strong>(in</strong></span> <span class='ocrx_word' id='word_1_49' title='bbox 441 1496 532 1573; x_wconf 81' lang='lat' dir='ltr'><strong>hist.</strong></span> <span class='ocrx_word' id='word_1_50' title='bbox 559 1497 672 1572; x_wconf 86' lang='lat' dir='ltr'><strong>med.</strong></span> <span class='ocrx_word' id='word_1_51' title='bbox 692 1522 735 1597; x_wconf 78' lang='lat' dir='ltr'><strong>p·</strong></span> <span class='ocrx_word' id='word_1_52' title='bbox 757 1493 851 1596; x_wconf 80' lang='lat'>278)</span> <span class='ocrx_word' id='word_1_53' title='bbox 864 1492 1059 1569; x_wconf 86' lang='lat' dir='ltr'><strong>Freindio</strong></span> <span class='ocrx_word' id='word_1_54' title='bbox 1079 1513 1196 1588; x_wconf 70' lang='lat' dir='ltr'><strong>supro</strong></span> 
     </span>
     <span class='ocr_line' id='line_1_11' title="bbox 147 1606 1195 1723; baseline -0.004 -38"><span class='ocrx_word' id='word_1_55' title='bbox 147 1633 295 1723; x_wconf 83' lang='lat' dir='ltr'><strong>omnes</strong></span> <span class='ocrx_word' id='word_1_56' title='bbox 318 1606 404 1691; x_wconf 78' lang='lat' dir='ltr'><strong>ros.¹</strong></span> <span class='ocrx_word' id='word_1_57' title='bbox 422 1618 471 1690; x_wconf 92' lang='lat' dir='ltr'><strong>ln</strong></span> <span class='ocrx_word' id='word_1_58' title='bbox 497 1619 718 1694; x_wconf 78' lang='lat' dir='ltr'><strong>Diarrhoeo</strong></span> <span class='ocrx_word' id='word_1_59' title='bbox 742 1615 1004 1715; x_wconf 79' lang='lat' dir='ltr'><strong>colliquatira</strong></span> <span class='ocrx_word' id='word_1_60' title='bbox 1025 1607 1195 1711; x_wconf 88' lang='lat' dir='ltr'><strong>phthisi·</strong></span> 
     </span>
     <span class='ocr_line' id='line_1_12' title="bbox 149 1733 1195 1841; baseline -0.002 -36"><span class='ocrx_word' id='word_1_61' title='bbox 149 1753 293 1806; x_wconf 85' lang='lat' dir='ltr'><strong>corum</strong></span> <span class='ocrx_word' id='word_1_62' title='bbox 320 1733 474 1833; x_wconf 86' lang='lat' dir='ltr'><strong>Opiunr</strong></span> <span class='ocrx_word' id='word_1_63' title='bbox 495 1739 698 1841; x_wconf 84' lang='lat' dir='ltr'><strong>porrigere</strong></span> <span class='ocrx_word' id='word_1_64' title='bbox 721 1737 889 1823; x_wconf 82' lang='lat' dir='ltr'><strong>interest</strong></span> <span class='ocrx_word' id='word_1_65' title='bbox 908 1734 1195 1828; x_wconf 76' lang='lat' dir='ltr'><strong>autlormuun·</strong></span> 
     </span>
     <span class='ocr_line' id='line_1_13' title="bbox 148 1851 1191 1961; baseline 0.002 -30"><span class='ocrx_word' id='word_1_66' title='bbox 148 1859 317 1956; x_wconf 76' lang='lat' dir='ltr'><strong>grenti,</strong></span> <span class='ocrx_word' id='word_1_67' title='bbox 337 1870 412 1932; x_wconf 84' lang='lat' dir='ltr'><strong>aut</strong></span> <span class='ocrx_word' id='word_1_68' title='bbox 423 1861 659 1961; x_wconf 83' lang='lat' dir='ltr'><strong>saepissime</strong></span> <span class='ocrx_word' id='word_1_69' title='bbox 681 1859 920 1961; x_wconf 62' lang='lat' dir='ltr'><strong>chomatis,</strong></span> <span class='ocrx_word' id='word_1_70' title='bbox 951 1854 1109 1958; x_wconf 82' lang='lat' dir='ltr'><strong>optime</strong></span> <span class='ocrx_word' id='word_1_71' title='bbox 1135 1851 1191 1927; x_wconf 69' lang='lat' dir='ltr'><strong>&#39;ad</strong></span> 
     </span>
     <span class='ocr_line' id='line_1_14' title="bbox 149 1979 761 2061; baseline 0.013 -8"><span class='ocrx_word' id='word_1_72' title='bbox 149 1979 395 2056; x_wconf 80' lang='lat' dir='ltr'><strong>methodum</strong></span> <span class='ocrx_word' id='word_1_73' title='bbox 411 1980 642 2061; x_wconf 82' lang='lat' dir='ltr'><strong>Swietenii:</strong></span> <span class='ocrx_word' id='word_1_74' title='bbox 758 2042 761 2046; x_wconf 58' lang='grc'><em>»</em></span> 
     </span>
    </p>
   </div>
   <div class='ocr_carea' id='block_1_3' title="bbox 156 2330 1003 2924">
    <p class='ocr_par' dir='ltr' id='par_1_4' title="bbox 156 2330 1003 2924">
     <span class='ocr_line' id='line_1_15' title="bbox 156 2330 972 2428; baseline 0.004 -22"><span class='ocrx_word' id='word_1_75' title='bbox 156 2418 160 2428; x_wconf 29' lang='grc' dir='ltr'>Ι</span> <span class='ocrx_word' id='word_1_76' title='bbox 203 2330 251 2408; x_wconf 78' lang='lat' dir='ltr'><strong>R.</strong></span> <span class='ocrx_word' id='word_1_77' title='bbox 273 2335 823 2417; x_wconf 62' lang='lat' dir='ltr'><strong>Terebinthinaevdrochmos</strong></span> <span class='ocrx_word' id='word_1_78' title='bbox 848 2332 972 2420; x_wconf 75' lang='lat' dir='ltr'><strong>duas,</strong></span> 
     </span>
     <span class='ocr_line' id='line_1_16' title="bbox 206 2455 951 2551; baseline -0.003 -25"><span class='ocrx_word' id='word_1_79' title='bbox 206 2501 209 2507; x_wconf 94' lang='lat'><em>-</em></span> <span class='ocrx_word' id='word_1_80' title='bbox 253 2455 454 2533; x_wconf 89' lang='lat' dir='ltr'><strong>Vitellum</strong></span> <span class='ocrx_word' id='word_1_81' title='bbox 480 2460 571 2551; x_wconf 76' lang='lat' dir='ltr'><strong>ovi,</strong></span> <span class='ocrx_word' id='word_1_82' title='bbox 589 2484 762 2535; x_wconf 86' lang='lat' dir='ltr'><strong>numero</strong></span> <span class='ocrx_word' id='word_1_83' title='bbox 793 2476 951 2544; x_wconf 78' lang='lat' dir='ltr'><strong>unum,</strong></span> 
     </span>
     <span class='ocr_line' id='line_1_17' title="bbox 252 2577 828 2664; baseline -0.002 -13"><span class='ocrx_word' id='word_1_84' title='bbox 252 2577 474 2654; x_wconf 81' lang='lat' dir='ltr'><strong>Theriacue</strong></span> <span class='ocrx_word' id='word_1_85' title='bbox 491 2580 657 2654; x_wconf 84' lang='lat' dir='ltr'><strong>unciam</strong></span> <span class='ocrx_word' id='word_1_86' title='bbox 679 2578 828 2664; x_wconf 80' lang='lat' dir='ltr'><strong>semis,</strong></span> 
     </span>
     <span class='ocr_line' id='line_1_18' title="bbox 383 2678 882 2775; baseline 0 -4"><span class='ocrx_word' id='word_1_87' title='bbox 383 2700 559 2775; x_wconf 82' lang='lat' dir='ltr'><strong>subactis</strong></span> <span class='ocrx_word' id='word_1_88' title='bbox 577 2698 730 2774; x_wconf 89' lang='lat' dir='ltr'><strong>sensim</strong></span> <span class='ocrx_word' id='word_1_89' title='bbox 750 2678 882 2771; x_wconf 81' lang='lat' dir='ltr'><strong>adde:</strong></span> 
     </span>
     <span class='ocr_line' id='line_1_19' title="bbox 257 2823 1003 2924; baseline -0.011 -24"><span class='ocrx_word' id='word_1_90' title='bbox 257 2823 392 2900; x_wconf 81' lang='lat' dir='ltr'><strong>Laetis</strong></span> <span class='ocrx_word' id='word_1_91' title='bbox 409 2825 580 2900; x_wconf 86' lang='lat' dir='ltr'><strong>recentis</strong></span> <span class='ocrx_word' id='word_1_92' title='bbox 607 2823 748 2901; x_wconf 79' lang='lat' dir='ltr'><strong>uncias</strong></span> <span class='ocrx_word' id='word_1_93' title='bbox 770 2835 955 2924; x_wconf 83' lang='lat' dir='ltr'><strong>quatuor·</strong></span> <span class='ocrx_word' id='word_1_94' title='bbox 1000 2834 1003 2839; x_wconf 75' lang='grc'><strong>’</strong></span> 
     </span>
    </p>
   </div>
   <div class='ocr_carea' id='block_1_4' title="bbox 282 2944 734 3049">
    <p class='ocr_par' dir='ltr' id='par_1_5' title="bbox 282 2944 734 3049">
     <span class='ocr_line' id='line_1_20' title="bbox 282 2944 734 3049; baseline 0 -26"><span class='ocrx_word' id='word_1_95' title='bbox 282 2947 332 3023; x_wconf 81' lang='lat'><strong>1).</strong></span> <span class='ocrx_word' id='word_1_96' title='bbox 355 2946 396 3021; x_wconf 84' lang='lat' dir='ltr'><strong>S.</strong></span> <span class='ocrx_word' id='word_1_97' title='bbox 418 2971 496 3049; x_wconf 91' lang='lat' dir='ltr'><strong>pro</strong></span> <span class='ocrx_word' id='word_1_98' title='bbox 515 2944 734 3048; x_wconf 75' lang='lat' dir='ltr'><strong>clysmate.</strong></span> 
     </span>
    </p>
   </div>
   <div class='ocr_carea' id='block_1_5' title="bbox 152 3205 1193 3778">
    <p class='ocr_par' dir='ltr' id='par_1_6' title="bbox 152 3205 1193 3778">
     <span class='ocr_line' id='line_1_21' title="bbox 254 3205 1193 3313; baseline 0.001 -29"><span class='ocrx_word' id='word_1_99' title='bbox 254 3208 333 3284; x_wconf 88' lang='lat' dir='ltr'><strong>Pro</strong></span> <span class='ocrx_word' id='word_1_100' title='bbox 352 3208 584 3287; x_wconf 78' lang='lat' dir='ltr'><strong>diarrhoeae</strong></span> <span class='ocrx_word' id='word_1_101' title='bbox 603 3211 888 3313; x_wconf 83' lang='lat' dir='ltr'><strong>suppressione</strong></span> <span class='ocrx_word' id='word_1_102' title='bbox 901 3205 1084 3287; x_wconf 82' lang='lat' dir='ltr'><strong>exhiberi</strong></span> <span class='ocrx_word' id='word_1_103' title='bbox 1102 3234 1193 3285; x_wconf 84' lang='lat' dir='ltr'><strong>suu·</strong></span> 
     </span>
     <span class='ocr_line' id='line_1_22' title="bbox 153 3329 1191 3437; baseline -0.009 -22"><span class='ocrx_word' id='word_1_104' title='bbox 153 3332 226 3415; x_wconf 83' lang='lat' dir='ltr'><strong>det</strong></span> <span class='ocrx_word' id='word_1_105' title='bbox 243 3334 450 3409; x_wconf 82' lang='lat' dir='ltr'><strong>Huleland</strong></span> <span class='ocrx_word' id='word_1_106' title='bbox 490 3336 707 3411; x_wconf 83' lang='lat' dir='ltr'><strong>essentiam</strong></span> <span class='ocrx_word' id='word_1_107' title='bbox 737 3335 835 3437; x_wconf 89' lang='lat' dir='ltr'><strong>Opii</strong></span> <span class='ocrx_word' id='word_1_108' title='bbox 868 3359 961 3410; x_wconf 91' lang='lat' dir='ltr'><strong>cum</strong></span> <span class='ocrx_word' id='word_1_109' title='bbox 993 3357 1042 3408; x_wconf 86' lang='lat' dir='ltr'><strong>ea</strong></span> <span class='ocrx_word' id='word_1_110' title='bbox 1071 3329 1191 3407; x_wconf 86' lang='lat' dir='ltr'><strong>Croci</strong></span> 
     </span>
     <span class='ocr_line' id='line_1_23' title="bbox 153 3451 1192 3560; baseline -0.005 -25"><span class='ocrx_word' id='word_1_111' title='bbox 153 3458 490 3560; x_wconf 81' lang='lat' dir='ltr'><strong>permixtam.·-</strong></span> <span class='ocrx_word' id='word_1_112' title='bbox 522 3459 952 3560; x_wconf 74' lang='lat' dir='ltr'><strong>Heputirrlroeoe</strong></span> <span class='ocrx_word' id='word_1_113' title='bbox 983 3484 1016 3535; x_wconf 86' lang='lat' dir='ltr'><strong>s.</strong></span> <span class='ocrx_word' id='word_1_114' title='bbox 1055 3451 1192 3543; x_wconf 81' lang='lat' dir='ltr'><strong>fluxus</strong></span> 
     </span>
     <span class='ocr_line' id='line_1_24' title="bbox 152 3579 1189 3680; baseline -0.004 -26"><span class='ocrx_word' id='word_1_115' title='bbox 152 3579 355 3680; x_wconf 80' lang='lat' dir='ltr'><strong>hepatici‚</strong></span> <span class='ocrx_word' id='word_1_116' title='bbox 382 3580 524 3655; x_wconf 80' lang='lat' dir='ltr'><strong>Indiae</strong></span> <span class='ocrx_word' id='word_1_117' title='bbox 546 3580 730 3655; x_wconf 80' lang='lat' dir='ltr'><strong>orientali</strong></span> <span class='ocrx_word' id='word_1_118' title='bbox 739 3580 1189 3678; x_wconf 62' lang='lat' dir='ltr'><strong>&#39;consuetioremprae-</strong></span> 
     </span>
     <span class='ocr_line' id='line_1_25' title="bbox 152 3696 1192 3778; baseline -0.001 -2"><span class='ocrx_word' id='word_1_119' title='bbox 152 3701 449 3778; x_wconf 70' lang='lat' dir='ltr'><strong>meritissimum</strong></span> <span class='ocrx_word' id='word_1_120' title='bbox 481 3725 566 3777; x_wconf 84' lang='lat' dir='ltr'><strong>esse</strong></span> <span class='ocrx_word' id='word_1_121' title='bbox 587 3702 813 3776; x_wconf 86' lang='lat' dir='ltr'><strong>remedium</strong></span> <span class='ocrx_word' id='word_1_122' title='bbox 848 3701 987 3776; x_wconf 84' lang='lat' dir='ltr'><strong>asserit</strong></span> <span class='ocrx_word' id='word_1_123' title='bbox 1016 3696 1192 3775; x_wconf 84' lang='lat' dir='ltr'><strong>Bontius</strong></span> 
     </span>
    </p>
   </div>
   <div class='ocr_carea' id='block_1_6' title="bbox 154 3819 1324 3923">
    <p class='ocr_par' dir='ltr' id='par_1_7' title="bbox 154 3819 1324 3923">
     <span class='ocr_line' id='line_1_26' title="bbox 154 3819 1324 3923; baseline -0.01 -20"><span class='ocrx_word' id='word_1_124' title='bbox 154 3820 216 3923; x_wconf 74' lang='lat' dir='ltr'><strong>(p.¹</strong></span> <span class='ocrx_word' id='word_1_125' title='bbox 243 3819 312 3921; x_wconf 71' lang='lat' dir='ltr'><strong>sd)</strong></span> <span class='ocrx_word' id='word_1_126' title='bbox 343 3819 442 3922; x_wconf 87' lang='lat' dir='ltr'><strong>opii</strong></span> <span class='ocrx_word' id='word_1_127' title='bbox 472 3820 724 3899; x_wconf 88' lang='lat' dir='ltr'><strong>solutionem</strong></span> <span class='ocrx_word' id='word_1_128' title='bbox 745 3837 867 3921; x_wconf 80' lang='lat' dir='ltr'><strong>utque</strong></span> <span class='ocrx_word' id='word_1_129' title='bbox 886 3819 1005 3897; x_wconf 88' lang='lat' dir='ltr'><strong>Croci</strong></span> <span class='ocrx_word' id='word_1_130' title='bbox 1021 3836 1096 3894; x_wconf 83' lang='lat' dir='ltr'><strong>etc.</strong></span> <span class='ocrx_word' id='word_1_131' title='bbox 1108 3845 1194 3894; x_wconf 79' lang='lat' dir='ltr'><strong>ace·</strong></span> <span class='ocrx_word' id='word_1_132' title='bbox 1317 3867 1324 3882; x_wconf 85' lang='lat'><strong>·</strong></span> 
     </span>
    </p>
   </div>
   <div class='ocr_carea' id='block_1_7' title="bbox 153 3941 1192 4140">
    <p class='ocr_par' dir='ltr' id='par_1_8' title="bbox 153 3941 1192 4140">
     <span class='ocr_line' id='line_1_27' title="bbox 153 3941 1192 4046; baseline -0.003 -31"><span class='ocrx_word' id='word_1_133' title='bbox 153 3956 197 4015; x_wconf 92' lang='lat' dir='ltr'><strong>to</strong></span> <span class='ocrx_word' id='word_1_134' title='bbox 220 3957 467 4035; x_wconf 64' lang='lat' dir='ltr'><strong>extructam</strong></span> <span class='ocrx_word' id='word_1_135' title='bbox 494 3942 649 4041; x_wconf 88' lang='lat' dir='ltr'><strong>Opium</strong></span> <span class='ocrx_word' id='word_1_136' title='bbox 665 3967 758 4018; x_wconf 84' lang='lat' dir='ltr'><strong>vero</strong></span> <span class='ocrx_word' id='word_1_137' title='bbox 792 3941 871 4017; x_wconf 82' lang='lat' dir='ltr'><strong>ervi</strong></span> <span class='ocrx_word' id='word_1_138' title='bbox 904 3941 1192 4046; x_wconf 71' lang='lat' dir='ltr'><strong>magnitudine</strong></span> 
     </span>
     <span class='ocr_line' id='line_1_28' title="bbox 155 4046 1190 4140; baseline -0.004 -3"><span class='ocrx_word' id='word_1_139' title='bbox 155 4079 379 4138; x_wconf 70' lang='lat' dir='ltr'><strong>assumtum</strong></span> <span class='ocrx_word' id='word_1_140' title='bbox 392 4046 580 4140; x_wconf 72' lang='lat' dir='ltr'><strong>auxilidri</strong></span> <span class='ocrx_word' id='word_1_141' title='bbox 604 4064 975 4138; x_wconf 73' lang='lat' dir='ltr'><strong>coeliacorum</strong></span> <span class='ocrx_word' id='word_1_142' title='bbox 992 4060 1190 4138; x_wconf 80' lang='lat' dir='ltr'><strong>valetudi-</strong></span> 
     </span>
    </p>
   </div>
   <div class='ocr_carea' id='block_1_8' title="bbox 155 4180 1193 4287">
    <p class='ocr_par' dir='ltr' id='par_1_9' title="bbox 155 4180 1193 4287">
     <span class='ocr_line' id='line_1_29' title="bbox 155 4180 1193 4287; baseline 0.002 -26"><span class='ocrx_word' id='word_1_143' title='bbox 155 4182 199 4261; x_wconf 77' lang='lat' dir='ltr'><strong>ni</strong></span> <span class='ocrx_word' id='word_1_144' title='bbox 222 4197 363 4264; x_wconf 72' lang='lat' dir='ltr'><strong>auctor</strong></span> <span class='ocrx_word' id='word_1_145' title='bbox 384 4180 712 4262; x_wconf 80' lang='lat' dir='ltr'><strong>estDioscorides</strong></span> <span class='ocrx_word' id='word_1_146' title='bbox 727 4182 805 4270; x_wconf 86' lang='lat' dir='ltr'><strong>(ed.</strong></span> <span class='ocrx_word' id='word_1_147' title='bbox 819 4182 1193 4287; x_wconf 58' lang='lat' dir='ltr'><strong>Matthiolipaffit.</strong></span> 
     </span>
    </p>
   </div>
   <div class='ocr_carea' id='block_1_9' title="bbox 0 0 1356 4920">
    <p class='ocr_par' dir='ltr' id='par_1_10' title="bbox 0 0 1356 4920">
     <span class='ocr_line' id='line_1_30' title="bbox 0 0 1356 4920; baseline 0 0"><span class='ocrx_word' id='word_1_148' title='bbox 0 0 1356 4920; x_wconf 95' lang='lat' dir='ltr'><strong> </strong></span> 
     </span>
    </p>
   </div>
  </div>
 </body>
</html>
