2670 4920
604 336 889 408 -128-

182 510 185 515 ’
225 493 488 590 membraque
508 482 623 560 tarde
644 483 897 585 rigescebant
919 476 1277 587 (ib.,146.·seq);

226 630 347 690 notat
369 608 538 685 tandem
571 621 709 680 auctor
738 605 877 694 idem,
920 606 1148 679 Panaciam
1178 605 1281 707 Opii

229 734 435 839 liquidam
458 731 583 807 Jones
603 728 810 826 Syrupum
848 726 1062 799 violarum·
1078 725 1279 815 viridate,

230 858 518 957 plerorumque
538 851 714 925 aliorum
738 870 1134 950 emmenagogorum
1150 846 1279 935 instar

228 968 309 1078 (ib.
334 974 442 1078 146).
461 974 594 1049 Addit
624 971 832 1060 tandem,
861 970 1058 1047 tincturas
1091 970 1284 1071 spirituo·

228 1123 294 1177 sas
313 1098 454 1173 minus
476 1110 707 1182 attenuare,
729 1093 815 1175 imo
842 1093 1057 1196 coagulare
1079 1116 1170 1166 non
1185 1110 1283 1165 aso·

229 1220 345 1309 luto,
364 1238 506 1293 verum
525 1244 550 1291 a
567 1220 775 1304 solvente,
809 1213 867 1289 ita
896 1230 940 1287 ut
971 1238 1061 1290 cum
1099 1214 1278 1299 tinctura

230 1340 329 1445 opii
353 1340 573 1442 spirituosa
591 1337 832 1439 sangvinem
852 1360 999 1434 parum
1020 1324 1283 1423 concrescaia¹

108 1560 112 1570 Ι
232 1462 375 1550 iaciat,
403 1459 559 1561 Opium
578 1478 671 1532 toro
707 1460 817 1533 hunc
847 1457 1038 1532 effectum
1072 1455 1281 1537 Alcoholis

226 1575 433 1685 impediat
452 1578 515 1678 (p.-
541 1574 660 1675 tiri),
683 1578 822 1679 potius
842 1580 1006 1653 solvens
1032 1580 1111 1652 hoc
1132 1578 1179 1650 in
1190 1600 1280 1655 casu

228 1706 285 1785 sit
301 1704 425 1805 Aqua
441 1704 506 1774 vel
527 1701 685 1774 Vinum
715 1698 771 1799 (p.
800 1701 907 1796 145).
927 1739 981 1757 -
1000 1699 1100 1775 Non
1113 1726 1282 1781 verosa·

229 1824 386 1902 lumin
402 1819 646 1923 suppressis,
669 1823 756 1898 imo
772 1823 975 1901 etiamin
992 1828 1282 1905 mensibus

224 1949 446 2038 ¹nimiis,
487 1945 702 2047 praecipue
750 1947 915 2025 feminis
964 1947 1276 2053 sensilioribus,

231 2093 399 2175 spasmo
421 2064 649 2159 obnoxiis,
679 2068 894 2168 praecipua
926 2069 1131 2165 hystoricis
1164 2072 1280 2163 bono

232 2206 382 2269 eventu
401 2188 550 2283 Whytt
570 2185 724 2288 Opium
743 2187 1142 2289 exhibuia(sammt1.
1166 2194 1283 2267 wer«

233 2320 285 2393 lta
304 2340 348 2416 p.
366 2309 477 2408 526).
497 2348 550 2367 -
569 2308 687 2384 ldem
711 2336 876 2411 quoque
897 2312 956 2386 de
976 2314 1046 2387 Lo
1061 2311 1204 2391 chiis
1223 2338 1282 2387 va·

233 2438 314 2514 let:
351 2426 583 2509 lochiorum
624 2434 738 2507 enim
775 2450 1029 2527 retentorum
1061 2435 1285 2511 tincturam
1320 2494 1323 2499 .

234 2559 334 2661 Opii
357 2554 558 2656 Crociqua
594 2557 769 2631 mixtam
802 2558 910 2633 inter
938 2557 1284 2655 praestantissims

236 2702 324 2759 esse
346 2676 529 2755 remedia
552 2679 737 2754 observat
755 2679 891 2755 Linne
916 2678 1115 2781 (Amoen.
1147 2682 1281 2759 Acad.

237 2806 350 2881 vm.
390 2802 512 2896 298),
542 2798 587 2871 in
606 2797 773 2887 nimiiS,
792 2825 816 2875 a
846 2802 1084 2879 secundinis
1104 2804 1207 2903 forte
1227 2830 1283 2879 ra·

23 2984 26 2993 .
153 2968 176 3016 g
235 2926 385 3014 tontis,
407 2924 540 2997 valera
563 2919 713 3019 Opium
740 2922 896 3013 Tralles
927 2925 1094 3013 asserit,
1123 2943 1165 3000 et
1194 2951 1283 3003 sen·

235 3045 446 3129 altioribus
464 3042 646 3121 exhiberi
664 3042 816 3142 poterit
834 3063 981 3121 eventu
1005 3048 1189 3143 secundo
1218 3056 1283 3125 ssi·

237 3152 442 3271 spectato.¹
464 3207 516 3228 -
538 3166 596 3243 At
631 3165 809 3265 plurima
839 3168 946 3269 Opio
987 3173 1074 3248 laus
1107 3170 1231 3249 fluxit
1260 3200 1282 3247 a

236 3307 403 3373 tractata
436 3291 841 3393 Metron-hagio
878 3316 911 3367 s·
962 3292 1281 3401 Haemon-hagia

236 3413 341 3492 uteri
360 3413 601 3514 speciatim,
631 3411 697 3483 cui
741 3411 911 3511 quidem
942 3415 1119 3506 activae,
1142 3417 1283 3517 hyper·
1318 3502 1321 3509 ,

236 3540 443 3632 athenicae
459 3533 667 3638 (alioquin
676 3533 837 3631 rariori)
854 3559 944 3608 non
955 3532 1171 3631 convenit,
1188 3541 1284 3614 alta·

235 3661 388 3741 sivero
412 3658 631 3737 convenire
652 3671 833 3732 auctores
862 3658 984 3731 multi
1017 3658 1172 3732 laudati
1193 3662 1280 3761 plu·

237 3783 393 3861 simum
424 3782 681 3858 celebrarunt
710 3775 925 3878 praecipue
960 3780 998 3852 ei
1030 3780 1284 3883 gravidarum

239 3922 282 3981 et
299 3926 616 4005 puerperarum:
636 3900 1011 4005 Young',·Tralles,
1047 3903 1282 3993 Gartshore,

238 4028 427 4117 Starclte,
449 4027 665 4108 Mursinna
684 4023 786 4126 (von
809 4014 893 4096 den
910 4026 1189 4102 lirankheiten
1216 4028 1285 4109 der

217 4149 507 4259 ¹Sclittangern
538 4145 617 4249 1·)
644 4149 806 4223 Laroux
831 4148 899 4248 (in
936 4147 1006 4220 der
1040 4149 1285 4251 Sammlung

1174 4273 1203 4345 f.
1226 4295 1282 4371 pr.
