2670 4920
540 367 820 447 ..156-

143 557 376 648 ptomatum
419 532 618 612 lenimine
661 560 778 611 usum
822 524 997 607 multum
1047 528 1190 609 laudat·

146 648 333 752 Swieten‚
355 661 427 764 qui
445 663 597 763 vesperi
627 660 781 762 Opium
808 658 1027 746 exhibuit,
1057 680 1182 757 scopo

84 818 92 835 =
138 786 259 861 tussis
286 785 526 873 leniendae,
552 798 672 885 atque
703 784 896 879 clysmate
929 779 1067 878 opiata
1083 803 1182 869 .ch-

61 968 67 976 ,
144 924 201 1013 po
224 903 458 980 diarrhoeae
478 896 1181 1004 supprimendae.Palliativumade·

148 1047 254 1125 oque
277 1024 371 1124 Opii
392 1050 513 1111 usum
533 1039 672 1099 contra
695 1022 860 1111 tussim,
894 1043 1049 1125 proque
1072 1014 1181 1118 quie·

142 1154 184 1219 te
202 1159 403 1221 nocturna
422 1144 673 1243 procuranda
693 1144 861 1244 plurimi
875 1143 1059 1215 hocaero
1073 1168 1181 1217 usur-

9 1282 16 1297 ‘
143 1282 284 1368 pant3
322 1269 416 1343 licet
447 1266 678 1369 palliativae
712 1267 786 1341 tali
817 1291 933 1340 curae
976 1289 1051 1339 suo
1085 1289 1179 1339 aevo

69 1374 74 1384 ’
141 1394 294 1494 Young
314 1393 472 1470 nullam
495 1389 622 1473 fidem
642 1388 849 1477 habuerit,
872 1388 958 1462 imo
997 1412 1076 1461 nec
1104 1389 1180 1483 cly·

51 1610 52 1615 ἵ
140 1518 339 1599 smatibus
369 1518 629 1602 eTheriaca,
669 1512 998 1599 Terebinthina,
1029 1512 1179 1587 vitella

141 1642 230 1727 ori,
250 1655 288 1712 et
312 1641 440 1714 Lacte.
457 1640 506 1719 si
534 1638 686 1738 Opium
709 1652 870 1738 augeret
908 1638 1180 1745 anxietatem

142 1763 460 1863 obstipationem
480 1779 600 1864 atque
622 1777 856 1861 stuporem,
874 1775 973 1833 tnnc
1002 1760 1186 1855 Hy'oscy·

141 1907 281 1955 amum
303 1884 617 1987 surrogabimus.
638 1883 744 1964 Reid
784 1882 954 1959 tandem
981 1877 1090 1980 (Ess.
1126 1906 1181 1957 on

145 2006 293 2103 phthis.
316 2008 448 2106 pulm.
475 2008 596 2102 ¹785)
627 2020 720 2107 post
751 2007 1106 2085 venaesectionem
1133 2004 1181 2079 O·

142 2126 214 2225 pio
241 2128 491 2227 supprimere
513 2128 680 2224 tussim,
701 2127 947 2204 insecundo
968 2138 1190 2203 veromoe'

141 2244 186 2323 hi
205 2247 337 2321 stadio
375 2236 467 2322 solax
483 2248 757 2348 Ipecacuauha
776 2273 903 2347 penes
924 2249 1087 2322 acidum
1102 2248 1179 2323 sul·

140 2369 358 2471 phuricum
384 2370 560 2448 dilutum
582 2387 701 2471 atque
727 2372 879 2474 Opium
901 2373 1101 2469 utendum
1123 2396 1178 2449 es·

65 2474 94 2489 '⁶
141 2513 185 2568 se
203 2492 344 2571 suadet
366 2517 448 2598 pro¹
463 2519 556 2569 cura
588 2494 797 2580 Phthiseos
820 2495 1064 2573 fundatiore·
1147 2550 1152 2561 ·
1182 2517 1187 2527 ·

143 2907 151 2943 ,ι
244 2856 283 2931 ὃ.
320 2860 587 2937 Neuroses
620 2862 857 2963 primarium
891 2862 1040 2937 sistunt
1069 2860 1174 2961 Opia

132 3000 332 3080 'campum
363 2983 597 3070 activitatis,
622 2974 742 3082 atque
769 2983 983 3084 praecipue
1007 2983 1173 3085 quidem

144 3121 301 3204 praeter
337 3104 500 3181 ordines
530 3108 676 3179 horum
710 3106 831 3179 duos:
870 3103 1102 3180 debilitates
1134 3115 1171 3177 et

145 3226 340 3316 vesanias,
371 3227 656 3305 convulsioues
677 3228 991 3329 atquednlores.
1116 3298 1138 3323 „

196 3617 231 3668 a.
253 3593 326 3665 Ex
354 3592 544 3668 ordine
570 3595 1198 3683 debilitatummorbiner·'

135 3743 288 3823 aprum
312 3716 441 3792 rarius
466 3718 573 3816 Opio
596 3737 796 3795 curantur.
822 3721 900 3819 Ap
917 3747 942 3796 0
957 3725 1171 3822 plexiae

142 3838 256 3923 enim
297 3840 432 3921 solum
461 3843 728 3933 asthenicae,
772 3847 824 3919 ab
869 3840 1172 3943 Hyperaesthesi

142 3963 357 4037 conveniet
381 3961 535 4061 opium
555 3965 787 4069 (Voigtel)‚
818 3968 1031 4069 similique
1053 3965 1175 4043 hemi·

142 4083 301 4187 plegiae
326 4101 365 4158 et
385 4086 557 4185 paralysi
583 4092 859 4175 membrorum
894 4086 1114 4190 (Matthaei
1132 4084 1173 4162 in

139 4208 343 4287 Huleland
383 4208 525 4289 Journ.
575 4213 650 4286 XI.
673 4211 732 4287 St·
758 4237 794 4291 a.
816 4236 858 4311 p.
877 4220 945 4310 744
963 4192 1064 4314 §203
1094 4228 1174 4299 cau·

1203 3915 1212 3971 l
