2670 4920
563 362 832 448 ..35..

154 635 207 709 R.
259 637 443 715 Sacchari
466 643 550 719 albi
573 672 698 749 grana
718 647 881 739 decem,
929 726 933 737 ,
1052 655 1056 662 ’

255 760 362 838 Salis
384 761 524 840 Cornu
536 764 651 841 Cervi
663 796 787 874 grana
799 770 880 847 duo
898 766 1194 872 -(-quinque)0

261 880 359 981 Opii
391 884 484 984 puri
514 889 628 989 grani
660 892 933 989 quadrantem
963 886 1175 995 (granum)
1188 898 1206 980 ν’

399 1031 456 1081 m.
479 1009 518 1084 d.
538 1037 612 1111 pro
639 1013 744 1122 dosi.
808 1044 813 1076 ε

152 1378 199 1456 Si
220 1377 266 1451 in
290 1371 410 1449 Aemi
443 1374 538 1448 loco
574 1378 751 1476 stuporis
778 1377 885 1453 adsit
917 1376 1020 1453 acies
1046 1381 1205 1454 intelle·

145 1517 243 1576 'ctus
256 1513 295 1570 et
318 1497 554 1584 oculorum,
569 1495 817 1595 loquacitas,
842 1499 1023 1573 hilaritas
1043 1517 1083 1572 et
1094 1525 1206 1572 moe·

154 1621 267 1697 stitia
312 1619 395 1695 eito'
420 1619 647 1709 alternans,
681 1645 785 1718 quae
812 1623 924 1694 intra
948 1620 1058 1694 diem
1086 1622 1206 1720 septi·
1321 1619 1324 1627 ’

156 1767 275 1816 mum
295 1743 334 1812 et
343 1737 505 1813 n‘onum
527 1732 704 1839 erumpit
725 1741 770 1816 in
784 1740 989 1817 delirium
1002 1755 1201 1840 apertum,

156 1848 251 1935 cum
271 1860 374 1935 facie
398 1859 541 1947 rubra,
555 1862 685 1936 oculis
704 1861 899 1965 sangvine
921 1861 1204 1952 suffusismo·

157 1978 352 2077 tibusque
372 1979 581 2066 exaltatis,
600 1986 698 2055 tunc
724 1983 868 2056 Hoven
890 1981 1079 2055 exhibuit
1099 1978 1199 2081 Opi·
1229 2030 1232 2034 -

152 2126 230 2175 um
253 2126 345 2175 eum
372 2125 502 2202 pauco
524 2102 689 2177 Tartaro
709 2104 905 2194 stibiat0,
925 2121 993 2178 aut
1016 2106 1203 2184 interdiu.

157 2226 269 2301 hunc
299 2240 554 2326 postremum
585 2229 745 2318 solum,
774 2229 929 2329 vesperi
962 2227 1116 2325 Opium
1137 2252 1201 2303 so·

157 2347 260 2453 lum.
310 2349 616 2440 Audacissimus
653 2347 875 2426 Chisholm'
902 2353 949 2453 in
968 2336 1096 2448 typho
1117 2330 1205 2427 ner·
1300 2328 1303 2335 Ι

157 2496 256 2548 vose
292 2499 387 2548 cum
422 2498 572 2575 magna
596 2472 824 2546 irritatione
849 2490 889 2544 et
910 2470 1123 2546 debilitate
1143 2475 1206 2546 in·

124 2646 127 2653 ·
158 2611 218 2669 tra
243 2598 564 2690 nyethemerum-
578 2595 822 2697 Opiixgrana
841 2592 989 2698 viginti
1012 2612 1206 2693 quatvor,
1317 2650 1319 2654 ι

143 2735 197 2792 Διη
214 2733 381 2790 centum
398 2714 545 2821 viginti
578 2714 802 2792 Calomelis
828 2717 1027 2793 exhihuit.
1048 2758 1101 2775 ·-
1121 2718 1207 2791 Fe·
1261 2788 1271 2816 χ

159 2840 279 2933 hres
306 2864 565 2918 nervosas
606 2844 784 2914 lentas
810 2838 1083 2936 utplurimum
1113 2854 1207 2940 post
1247 2922 1250 2927 ,

158 2977 209 3057 4ο
240 2961 330 3038 dies
349 2959 566 3051 finientes,
589 2961 735 3035 delirio
757 2961 923 3059 stipatas
946 2942 1119 3061 puerili,
1142 2961 1208 3033 de·

160 3084 323 3162 bilitate
345 3112 521 3189 magna,
539 3068 904 3173 convulsionihus,
924 3089 1042 3181 pulsu
1059 3086 1210 3165 tardis·

159 3208 267 3284 simo
289 3234 410 3308 saepe
431 3212 538 3284 bene
562 3207 688 3280 curari
714 3209 830 3280 refert
859 3205 1005 3281 Cullen
1026 3207 1122 3308 Opii
1139 3208 1209 3280 do·

113 3370 117 3381 =
158 3331 273 3407 {ribus
296 3332 522 3426 majoribus
552 3325 758 3429 repetitis;
797 3331 842 3403 in
874 3329 1007 3405 stadio
1041 3352 1206 3406 summo

160 3451 378 3528 Cinchona
398 3454 575 3545 accedat.
603 3454 711 3527 Hinc
733 3452 1208 3553 mox'producitursom·
1272 3524 1277 3541 ,

158 3599 261 3663 nus,
290 3574 429 3661 alvus,
462 3572 737 3674 diaphoresis,
768 3589 965 3678 augentur
995 3577 1098 3648 vires
1126 3595 1210 3645 cor·

161 3695 544 3802 puris,animique.
571 3735 621 3756 -
649 3699 709 3771 ln
743 3698 925 3796 typho·
951 3695 1208 3771 amer'ica·

159 3844 226 3901 no
254 3846 287 3894 s.
316 3819 419 3893 febri
445 3815 549 3892 flava
572 3821 745 3896 Jackson
762 3845 844 3920 qua
859 3820 1087 3895 remedium
1100 3818 1210 3919 prin·

162 3940 292 4041 cipale
314 3940 453 4014 laudat
472 3957 512 4017 et
536 3942 705 4015 exhibet
726 3939 903 4042 Opium:
926 3939 971 4015 iu
992 3925 1137 4015 morbo
1151 3940 1210 4008 in-

163 4064 272 4141 dolis
292 4063 502 4162 putridae,
535 4091 627 4143 cum
639 4065 865 4150 anxietate,
886 4078 1059 4149 nausea,
1082 4046 1211 4132 vomi·
1322 4091 1334 4105 r·

165 4198 222 4274 tu,
249 4208 340 4260 curn
363 4184 460 4265 vino
475 4169 716 4285 copiosum,
734 4211 864 4285 usque
887 4186 939 4261 ad
954 4185 1137 4286 crapulae
1155 4180 1213 4252 hi·
