2670 4920
569 382 620 417 *-
676 354 857 477 tit-ft*

151 512 319 588 'teriam
339 511 408 587 vix
423 518 576 614 'absque
595 517 704 619 Opio
733 519 858 596 curari
882 538 1020 619 auctor
1036 527 1216 619 estgimo

171 652 271 737 post
298 640 433 738 plures
466 643 643 718 cautelas
672 656 857 721 summus
888 646 1124 742 Sydenham
1157 653 1217 726 sic

167 761 296 835 sentit
311 784 335 835 a
351 761 632 858 „experientia
660 781 840 856 constat,
864 768 1136 865 dysenteriam
1164 773 1217 844 ci·

166 881 353 972 „tissime
379 883 533 971 curari,
555 884 590 960 si
603 885 737 960 missis
758 887 1000 991 ambagibus
1013 886 1214 989 (primum
1308 986 1311 992 .

166 1006 393 1092 „exhibitis
414 1007 723 1096 evacuantibus,
748 1009 845 1084 dein
865 1036 959 1113 vero
994 1011 1213 1087 acrimoni-

165 1154 265 1218 „am
285 1131 627 1232 obtundentibus)
668 1130 804 1211 fluxus
847 1135 1044 1212 Laudano
1077 1143 1213 1214 confe-

167 1248 507 1341 „stim'sedetur“
520 1252 619 1352 (Op.
631 1258 682 1330 ΙΙ.
694 1253 779 1352 5ὖ.)
794 1254 812 1330 !·-
831 1257 940 1331 Ante
962 1261 1104 1335 omnia
1123 1261 1210 1362 qui·

166 1374 264 1449 dem
292 1376 501 1456 vitalitatis
528 1376 640 1472 ratio.
650 1373 831 1451 ineunda
854 1394 934 1453 est:
976 1398 979 1405 ’

267 1805 326 1908 a).
345 1806 590 1904 Dysenteria
600 1805 878 1882 evacuationes
888 1794 1032 1882 sistens
1055 1831 1079 1882 a
1098 1833 1204 1884 sen·

157 1933 381 2010 ailitate
403 1934 505 2006 abn
523 1933 654 2008 ormi
690 1933 812 2007 effera
842 1930 1046 2007 curabitur
1076 1933 1201 2009 sensi·

154 2054 319 2128 litatem
361 2052 611 2154 deprimente
644 2055 840 2155 primario
870 2084 925 2122 =
956 2054 1078 2153 Opio.
1120 2058 1198 2133 Hie

157 2173 313 2283 Qpiunr
337 2160 430 2251 oum
455 2166 682 2280 Cam'phora
692 2192 731 2250 et
755 2178 1033 2276 lpecacuanha
1052 2180 1197 2280 (adeo-

155 2325 234 2399 que
257 2323 336 2396 qua
357 2301 569 2373 Pulverem
594 2295 761 2393 Doveri)
794 2294 1024 2374 exhibitum
1056 2302 1198 2380 laudat
1272 2338 1275 2342 ·

152 2420 287 2509 Sella,
313 2420 532 2503 Pulverem
545 2417 692 2493 Doveri
722 2418 859 2495 solum
886 2417 971 2492 alii.
1009 2417 1196 2504 Status

151 2520 282 2619 nerv
296 2545 375 2623 osi
395 2568 509 2618 acme
534 2542 670 2616 videas
690 2540 736 2615 in
758 2554 923 2645 aegroto
945 2540 1195 2645 debili,pal-

148 2667 271 2757 lido,
297 2664 621 2742 extremitatibus
637 2685 738 2759 mox
767 2664 819 2738 ab
852 2659 974 2775 initio
1006 2662 1197 2774 frigidis,

149 2791 240 2891 alvo
272 2787 439 2890 copiosa
478 2786 687 2890 graminea
705 2834 735 2870 ,.
756 2778 1029 2858 foetidissima
1051 2834 1065 2872 ,
1091 2809 1192 2862 oum

149 2911 475 2987 doloribus-imo
499 2906 681 3010 deliquio
716 2904 876 2992 animi,
910 2902 1100 3002 dejectis,
1129 2935 1193 2985 su·
1228 2984 1231 2988 ,

149 3038 330 3137 dareque
350 3032 514 3138 frigido.
540 3031 663 3107 Nune
684 3029 780 3130 Opii
812 3029 930 3106 doses
958 3051 1102 3128 parrae
1134 3059 1191 3106 re·

147 3161 382 3261 petitaeque
404 3179 498 3230 cum
522 3151 784 3256 camphora,
816 3154 1011 3243 Moscho,
1041 3154 1191 3231 Amica

144 3299 306 3387 praesto
327 3282 410 3357 sint
436 3277 562 3381 (Jahn
582 3276 634 3386 Π.
657 3273 761 3374 241).
785 3275 992 3351 Minorem
1014 3280 1190 3382 gradum

144 3406 297 3482 sistunt
316 3400 452 3477 morbi
485 3400 648 3475 dolores
678 3395 898 3486 continui,
944 3398 1187 3499 inquietudo

142 3527 417 3625 stimulusque
436 3522 677 3625 perpetuus,
704 3521 778 3596 ubi
816 3518 912 3618 Opii
948 3522 1065 3598 doses
1099 3546 1188 3620 par·

143 3630 216 3723 rae
240 3647 432 3749 repetitae
452 3647 612 3735 valent,
650 3661 690 3718 et
718 3640 1013 3745 proficua‘esse
1046 3660 1184 3742 potest

142 3773 323 3846 mixtura
347 3771 512 3875 Vogleri
536 3769 717 3865 (Pharm.
737 3766 905 3868 selecta)
930 3767 1188 3848 etiamaJah·

141 3893 215 3970 nio
235 3893 305 3994 (ΙΙ.
343 3888 440 3996 alto)
457 3894 635 3968 multum
657 3888 844 3967 laudata:
