2670 4920
542 340 597 385 -.
648 303 716 386 151
771 344 837 386 m,
958 395 959 399 Ἴ

167 471 446 572 syphiliticus‚
474 499 612 549 rerum
641 474 885 574 inpartibus
919 472 1086 554 adfectis
1119 481 1214 583 lege.

166 588 473 671 cbnsuetudinia
500 598 723 671 decurrens.
742 599 865 674 Hanc
888 599 1070 698 empirici
1102 655 1115 690 ,
1151 630 1209 676 re·

166 719 339 819 ptilium
360 701 472 792 more
498 720 700 791 elemento
722 744 795 793 suo
816 721 937 819 proni
970 722 1211 799 incumbens

161 851 245 926 tes,
273 861 391 933 saepe
428 840 649 912 nominant
684 838 942 936 Syphilidem
980 843 1207 932 rebellem,

110 969 113 975 ’
164 975 304 1034 contra
333 961 590 1035 mercurialia
624 984 810 1062 nempe,
847 963 1120 1055 chronicam,
1157 967 1204 1041 in

163 1109 244 1183 qua
269 1084 415 1184 Opiata
432 1085 609 1159 indicata
626 1082 745 1171 sunt,
773 1110 793 1156 e
814 1109 932 1170 causa
945 1086 1050 1160 dicta
1061 1087 1205 1189 (Jahn,

164 1206 358 1308 Voigtel,
384 1209 494 1280 Don.
519 1208 670 1284 Monro
692 1208 753 1296 ·Il,
777 1208 883 1303 282).
900 1247 959 1273 -.-
984 1211 1203 1284 Ulcerere·

162 1354 283 1403 nerea
306 1329 582 1432 genitalium,
605 1329 724 1405 faciei
762 1345 1087 1431 caeterarumque
1116 1357 1203 1431 par·

162 1450 293 1536 tium,
325 1449 521 1537 dolentia,
534 1449 863 1553 phagedaenica,
879 1455 1117 1551 praeprimis
1132 1459 1203 1530 ob·

159 1572 309 1647 stinata
333 1571 483 1644 curavit
505 1571 777 1670 Althofopio
802 1569 1010 1658 exhibito,
1042 1598 1097 1646 ea
1131 1574 1201 1649 do·

159 1690 227 1780 si,
253 1711 298 1768 ut
319 1693 435 1767 omni
458 1694 524 1767 die
550 1692 758 1773 tertiaaut
779 1679 918 1790 quarta
951 1717 1036 1765 uno
1063 1719 1225 1794 grano'
1256 1703 1263 1719 '

157 1800 248 1919 plus
273 1815 570 1916 propinaverit,
596 1812 846 1910 tandemque
865 1812 916 1885 ad
935 1813 1087 1903 dosim
1113 1841 1198 1916 gra·

157 1922 309 2014 norum
328 1934 494 2040 triginta
512 1959 584 2033 per
609 1936 919 2030 nycthe'merum
945 1937 1196 2025 ascenderim
1228 1961 1233 1979 ⁸

111 2076 114 2081 ’
149 2059 428 2145 ‘idemtar‘nen
449 2058 494 2130 in
514 2057 719 2131 ulceribus
747 2056 1105 2132 nonidolenribus
1143 2063 1197 2130 el·

158 2185 310 2256 sectum
329 2204 418 2255 non
438 2175 658 2254 observavit
671 2175 972 2278 (Althospraht.
1001 2178 1191 2255 Bemerh.

157 2331 197 2404 p.
219 2298 306 2398 90).
329 2301 458 2403 Vogel
481 2298 629 2372 iisdem
653 2298 698 2368 in
729 2296 892 2371 casibus
927 2296 1114 2372 adhibuit
1144 2300 1200 2371 lav

152 2422 298 2523 pidem
330 2416 550 2494 causticum
582 2443 690 2491 cum¹
715 2417 905 2493 Extracto
935 2417 1031 2529 Oppii
1062 2419 1193 2516 (med.

116 2607 117 2611 a
158 2547 254 2620 ern.
277 2546 391 2617 Ferre
413 2537 587 2615 airaon.
615 2556 644 2613 r.
670 2537 715 2639 3)
743 2562 756 2631 3
792 2540 884 2613 Bal
913 2528 1104 2616 simfliter
1125 2543 1194 2615 aa·
1239 2532 1244 2605 ·.

157 2666 314 2751 hibuit,
343 2688 434 2739 cunr
460 2661 580 2735 laude
591 2662 660 2753 rin
686 2645 890 2738 ulceribus
906 2663 1191 2738 venereis-cum

158 2787 355 2861 Scorbuto
377 2784 629 2884 complicatis
653 2787 775 2862 Blom
796 2803 836 2860 et
859 2786 1057 2863 Odhelius
1077 2787 1191 2864 adhi-

155 2911 331 2982 buerunt
350 2907 620 3004 (Vechoskrift
642 2910 704 2981 for
727 2910 903 2982 Laekare
930 2924 959 2983 t.
985 2928 1027 2997 3.
1050 2928 1089 2984 et
1121 2907 1193 3006 4),

155 3045 404 3127 tractatuque
425 3031 572 3104 eodem
593 3053 729 3119 ann0,
755 3052 836 3128 quo
848 3030 972 3118 Grant
989 3056 1107 3112 suurn
1118 3020 1221 3130 pue]
1251 3039 1255 3045 ’

155 3148 339 3239 blicavit,
368 3148 531 3248 publice
553 3166 824 3248 exposuerunt
845 3153 863 3251 (
876 3180 886 3230 ι
894 3163 970 3245 785
998 3151 1108 3225 enim
1131 3167 1191 3224 to*
1237 3170 1240 3176 ·

152 3295 244 3345 mus
265 3254 588 3372 scriptipraefati
606 3288 769 3371 quartus
781 3275 970 3372 prodiit).
997 3273 1190 3353 william
1248 3327 1252 3338 .
1310 3272 1315 3291 '

151 3393 268 3492 enim
293 3392 418 3467 Grant
439 3394 542 3468 circa
566 3394 643 3467 hoc
665 3395 873 3488 objectum
896 3395 1080 3479 maxime
1105 3418 1190 3467 me,

152 3511 251 3585 ritus
303 3536 412 3585 anno
431 3514 640 3610 praefato,
678 3513 928 3611 erperientia
948 3514 1080 3599 duce,
1119 3513 1190 3588 dor
1304 3597 1310 3606 ,

151 3635 237 3707 cuit
267 3635 403 3715 ulcera
421 3659 591 3708 venerea
609 3635 777 3733 antiqua
809 3636 991 3710 dolentia
1006 3689 1032 3724 ,.
1044 3637 1090 3710 in
1112 3654 1189 3712 sta·¹

151 3734 222 3829 dio
243 3754 389 3833 altiore
411 3780 563 3853 nempe
573 3757 820 3857 Syphilidis,
837 3784 908 3835 seu
938 3759 1074 3859 potius
1085 3784 1187 3857 quae
1288 3740 1294 3757 ⁵

149 3873 333 3973 ,syphilis
353 3877 530 3977 emplius
551 3903 639 3951 non
663 3895 753 3966 est,
775 3903 868 3953 curn
896 3884 1064 3967 morbus
1081 3900 1191 3983 post,
1268 3889 1270 3893 ’

150 3983 1189 4107 humusfflypererethismus)Hydrargyriciset'aliis

145 4122 344 4200 remediis
362 4123 612 4208 refractarius
647 4142 744 4222 est,
778 4129 886 4210 benc
926 4132 1050 4211 curari
1080 4129 1190 4230 Opis
1217 4161 1227 4198 τ
